2826 5132
207 350 268 415 392
664 343 890 406 EXGURSUS

206 518 333 587 videtur,
348 518 437 575 omisis
453 517 578 571 aedilicia
591 517 619 570 in
636 534 699 572 arce
716 519 858 572 combusta
876 516 1059 588 funditusque
1074 535 1170 571 eversa
1184 536 1250 572 esse.
1277 518 1323 571 Sed

205 604 341 658 Herodoti
356 605 455 670 verba,
471 620 542 674 quae
556 603 634 655 modo
650 603 864 674 adscripsimus,
890 601 915 654 si
930 602 1079 672 sequimur,
1100 603 1214 657 dubitari
1229 603 1269 656 ris
1283 621 1324 672 po

206 689 285 757 terit,
309 688 398 745 amnia
418 688 490 742 arcis
509 687 633 740 aedificia
655 706 687 741 ac
707 688 855 759 praecipue
874 688 972 757 templa
993 688 1119 742 aPersis
1133 690 1240 741 incensa
1254 696 1325 759 atque

206 791 304 828 eversa
325 792 405 842 esse;
426 781 458 826 ut
483 773 579 825 merita
600 789 734 842 quaeras,
760 773 871 843 quinam
890 768 958 843 νηὸς
975 774 1122 827 Erechthei
1143 773 1188 826 illa
1207 773 1325 827 Herodoti

205 858 275 925 loco,
294 877 327 913 ex
342 876 397 929 qua
412 857 528 929 proiecti
542 874 647 925 sumus,
663 858 780 928 intelligi
794 857 901 928 duhest,
913 876 973 912 cum
988 858 1147 912 Herodotus
1165 858 1198 912 de
1212 857 1257 910 hac
1270 857 1325 910 aede

206 943 243 997 ita
265 943 394 1014 loquetur
416 940 503 1015 (ἔστι
522 973 558 984 -
575 937 674 1012 νηὸς),
696 950 728 997 ut
749 962 801 997 sua
821 943 912 1014 ipsius
926 950 1017 998 aetate
1032 960 1089 996 οιιιιι
1104 944 1241 998 exstitisse
1258 943 1325 995 nobis

204 1029 429 1099 persuadeamus.
457 1028 522 1092 Qua
539 1028 567 1080 in
583 1046 614 1081 re
630 1028 771 1099 probabile
785 1029 865 1083 nobis
881 1029 1000 1097 videtur,
1018 1038 1136 1082 veterem
1147 1029 1235 1083 aedem
1247 1026 1325 1079 aPer-

205 1114 245 1166 sis
261 1113 387 1181 dirutam,
406 1120 502 1184 postea
517 1112 609 1185 aliquo
624 1120 699 1168 certe
712 1114 927 1168 modoreiectsm
942 1122 990 1166 aut
1005 1113 1094 1167 denuo
1107 1118 1265 1168 exsuuclam
1275 1130 1327 1167 esse

204 1196 304 1267 exigua
322 1204 455 1269 apparatu
472 1199 699 1269 sumptibusque,
728 1217 787 1253 cum
809 1199 854 1251 vix
882 1198 1047 1252 credendum
1075 1199 1128 1266 sit,
1153 1199 1327 1264 Athenienses,

205 1299 264 1336 cum
278 1282 382 1336 Persae
398 1281 502 1353 repulsi
521 1290 630 1351 essent,
647 1285 720 1338 hunc
732 1284 834 1352 locum,
856 1284 903 1355 qui
921 1283 1008 1337 totius
1023 1285 1083 1337 fere
1096 1283 1217 1337 civitatis
1231 1283 1327 1354 primar-

205 1368 249 1421 dis
263 1368 423 1425 continebat
436 1368 553 1441 eiusque
574 1371 761 1423 sanctuarium
776 1369 857 1439 qussi
871 1368 1072 1435 constituebat,
1094 1369 1231 1422 desertum
1251 1374 1327 1420 rasta·

204 1460 316 1523 tumque
331 1453 489 1525 reliquisse.
518 1453 617 1524 Itaque
640 1454 670 1507 in
687 1455 790 1509 veteris
808 1454 955 1507 Erechthei
970 1452 1030 1508 loco
1046 1452 1194 1507 aediculam
1211 1452 1328 1524 quandam
1400 1454 1401 1513 ζ

204 1537 321 1607 ligneam
336 1538 381 1592 rel
402 1538 478 1608 ligno
503 1546 602 1593 mcum
617 1542 664 1610 (nt
679 1539 750 1593 dixit
764 1537 880 1592 Miller:
896 1540 938 1592 De
955 1539 1083 1593 Minerva
1104 1538 1218 1592 Polisde
1231 1555 1289 1608 pag.
1304 1538 1330 1589 18

204 1622 266 1676 coll.
279 1622 365 1676 Rosia
377 1623 519 1695 Inscriptt.
535 1640 598 1693 pag.
616 1624 679 1692 149)
694 1624 737 1678 vel
753 1624 833 1677 etiam
844 1623 986 1694 lapideam,
1003 1625 1051 1678 sed
1066 1624 1157 1677 minus
1168 1623 1330 1695 splendidam,

204 1725 276 1779 quae
298 1708 332 1762 ad
350 1725 430 1763 sacra
451 1710 593 1763 sufficeret
615 1709 774 1781 veterisque
797 1708 941 1777 religionis
956 1710 1108 1763 memoriam
1130 1716 1265 1775 servaret,
1281 1725 1330 1761 ere

205 1800 274 1847 ctam
289 1811 353 1847 esse
366 1810 480 1863 eamque
496 1794 582 1865 ipsum
598 1793 649 1846 hoc
663 1793 824 1847 Herodotao
839 1791 899 1845 loco
918 1794 1071 1863 significari
1087 1795 1211 1863 credam,
1231 1793 1272 1846 sel
1293 1791 1331 1844 sd·

204 1885 334 1932 versante
355 1878 494 1933 Boeclsbia
512 1878 613 1949 (Carp.
634 1879 777 1949 Inscriptt.
810 1879 910 1932 Graec.
928 1879 952 1932 l.
970 1897 1034 1950 pag.
1057 1880 1134 1946 264),
1157 1879 1205 1951 qui
1225 1896 1277 1932 nou
1303 1876 1331 1929 de

203 1963 328 2016 aedicula
349 1962 440 2033 lignea
462 1963 553 2017 denuo
578 1969 720 2017 exstructa
735 1965 778 2017 hic
792 1963 909 2031 cogitari
925 1963 1000 2033 vult,
1022 1964 1072 2019 sed
1096 1964 1131 2017 de
1153 1965 1216 2035 ipss
1237 1970 1331 2017 vetum

204 2049 272 2102 aede
291 2047 438 2102 semiruta:
458 2049 492 2102 de
513 2065 568 2118 qna
583 2049 606 2100 si
624 2049 729 2103 Noster
743 2049 909 2118 cogitasset,
928 2049 972 2102 vix
988 2050 1087 2120 opinor
1103 2050 1226 2103 scribere
1241 2046 1330 2119 patuis-

205 2142 249 2186 set
263 2130 337 2186 ἔστι
352 2163 393 2174 -·-
407 2127 490 2202 sqdc,
513 2132 587 2203 quod
606 2151 664 2186 meo
687 2134 795 2205 quidem
815 2132 918 2187 iudicia
937 2134 972 2188 de
991 2134 1059 2189 aede
1081 2135 1215 2188 semiruta
1230 2134 1281 2186 dici
1298 2131 1331 2183 sis

204 2217 317 2287 poterit.
347 2218 428 2275 lmma
454 2218 547 2271 statim
563 2228 626 2288 past
650 2218 752 2272 Persas
778 2235 924 2287 regressos
948 2220 1041 2273 aedem
1066 2220 1137 2273 hanc
1157 2220 1248 2291 aliquo
1270 2224 1332 2269 certe

204 2303 282 2356 modo
300 2306 428 2357 reiectam
441 2321 504 2356 csse
519 2302 673 2372 credimus,
695 2321 775 2374 quam
790 2304 895 2357 Noster
913 2305 974 2357 suis
988 2305 1078 2375 ipsius
1094 2305 1184 2358 aculis
1202 2303 1269 2358 haud
1285 2301 1332 2354 scia

204 2405 238 2441 an
262 2388 364 2442 viderit
387 2389 430 2443 vel
453 2394 599 2459 uunquam
614 2388 737 2442 Thurios
754 2389 844 2442 abiret
863 2389 981 2442 Athenis
1004 2389 1038 2455 (i.
1059 2408 1084 2443 e.
1101 2398 1169 2445 ante
1184 2390 1333 2443 mauultl

204 2480 269 2526 ante
288 2473 354 2527 cur.
378 2475 419 2542 n.)
441 2473 485 2527 vel
499 2480 611 2544 postea,
635 2490 693 2526 cum
714 2473 829 2527 Thuriis
852 2474 974 2527 Athenas
994 2476 1139 2545 profectus
1160 2474 1334 2545 Propylaeas

204 2558 311 2612 Pericle
336 2566 479 2613 exstructa
503 2561 662 2630 (sut-431
676 2566 740 2611 ante
755 2559 821 2611 Chr.
838 2558 881 2625 ιι.)
907 2560 1093 2631 conspiceret,
1122 2560 1157 2615 de
1174 2576 1228 2632 qua
1247 2574 1332 2613 rena·

205 2644 315 2698 nuimns
331 2644 366 2697 ad
380 2643 413 2714 V,
427 2648 471 2699 76.
487 2648 542 2710 77.;
563 2661 614 2697 nec
636 2642 747 2697 multum
767 2643 833 2697 inde
854 2643 1015 2714 discedant,
1037 2661 1108 2715 quae
1129 2646 1226 2716 posuit
1246 2641 1334 2698 Miller

205 2728 223 2781 l.
240 2727 269 2795 l.,
285 2729 334 2799 qul
348 2730 382 2781 ab
394 2728 537 2782 Herodoto
552 2729 617 2782 haec
631 2730 693 2799 ipsa
708 2729 811 2799 scripta
827 2746 890 2784 esse
912 2736 993 2800 putat
1006 2732 1059 2783 sab
1076 2731 1192 2785 tertium
1205 2732 1262 2784 lere
1279 2725 1332 2785 belli

203 2813 431 2883 Peloponnesiaci
446 2830 557 2880 annum,
573 2814 592 2866 i.
609 2832 635 2871 e.
651 2815 736 2868 ferme
751 2831 823 2867 anno
837 2817 889 2870 429
904 2822 968 2868 ante
986 2814 1052 2868 Chr.
1069 2833 1096 2868 u.
1127 2815 1226 2869 Serius
1243 2814 1331 2868 demas

203 2897 396 2963 Athenienses,
413 2899 462 2968 qui
476 2898 613 2950 maximam
630 2916 721 2953 curam
737 2899 922 2953 adhibuerunt
935 2918 985 2953 nec
999 2899 1063 2953 ullis
1078 2902 1233 2971 sumptibus
1249 2914 1332 2970 peper-

203 2989 316 3048 cerunt,
332 2991 364 3034 nt
382 2983 493 3036 dearum
513 2981 613 3051 templa
629 3000 646 3035 a
660 2982 754 3038 Persis
777 2983 871 3037 diruta
893 2985 1085 3049 restituerent,
1110 2986 1146 3039 ad
1169 2986 1333 3039 Erechtheum

204 3065 416 3136 splendidiorem
434 3067 461 3119 in
482 3066 587 3120 madum
610 3069 806 3123 exstruendum
829 3070 983 3124 accessisse
1000 3070 1145 3140 videntur,
1169 3089 1229 3125 cum
1246 3069 1332 3123 dudan

204 3150 276 3204 arcis
293 3151 426 3223 urbisque
442 3151 621 3221 munimenta,
641 3153 724 3222 longa
739 3154 859 3220 maenia,
873 3154 1043 3224 Prapylaea,
1061 3155 1276 3226 Parthenonem,
1290 3152 1332 3204 ulit

204 3235 303 3306 templa
324 3236 445 3291 maximis
468 3237 625 3308 sumptibus
643 3240 863 3293 exstruxissent:
886 3248 969 3310 atque
985 3241 1035 3292 hac
1049 3241 1111 3311 ipsa
1122 3260 1153 3295 re
1168 3240 1209 3295 illi
1226 3236 1332 3311 inpediti

205 3322 294 3375 luisse
309 3322 448 3389 videntur,
464 3339 519 3393 qno
535 3322 624 3376 minus
639 3324 673 3377 ad
688 3324 870 3378 Erechtheum
887 3324 1059 3395 splendidius
1074 3327 1271 3380 exstruendum
1284 3322 1331 3375 sni·

204 3424 274 3460 mam
294 3407 479 3464 attenderent.
510 3408 619 3462 Etenim
634 3409 846 3463 nauseasse
870 3418 953 3480 atque
975 3411 1046 3462 baud
1067 3411 1126 3464 scia
1141 3429 1176 3464 an
1199 3412 1268 3482 ipsis
1280 3404 1331 3460 belli

204 3492 431 3562 Peloponnesiaci
446 3493 615 3563 temporibus
631 3493 682 3546 hoc
693 3494 821 3564 templum
838 3494 1011 3567 splendidius
1028 3496 1135 3549 exstrui
1152 3505 1274 3567 coeptum
1289 3498 1331 3555 est,

204 3576 288 3648 idque
306 3575 471 3646 intelligitur
484 3597 499 3631 e
513 3578 689 3632 celeberrima
702 3579 893 3650 inscriptione,
905 3597 985 3651 quam
1002 3580 1188 3634 exhibuerunt
1197 3581 1271 3634 Rose
1287 3578 1302 3630 l.
1316 3574 1330 3627 l.

204 3679 268 3732 pag.
282 3665 331 3716 179
341 3680 411 3733 seq,
427 3662 519 3716 Leuke
534 3663 552 3715 l.
568 3663 585 3715 l.
602 3681 665 3734 pag.
676 3668 728 3720 439
740 3683 829 3736 seqq,
848 3664 967 3718 Baecih.
984 3665 1002 3717 l.
1015 3666 1049 3732 l.;
1067 3665 1140 3720 unde
1155 3667 1288 3730 docemur,
1303 3678 1331 3713 ne

205 3753 303 3818 quarta
325 3746 432 3816 quidem
452 3765 525 3801 anno
547 3747 717 3819 Olympiadis
732 3749 810 3803 XCII
830 3751 863 3823 (i.
886 3769 910 3802 e.
927 3754 1066 3805 annalib)
1080 3757 1145 3804 ante
1161 3751 1226 3806 Chr.
1243 3754 1282 3815 ιι.)
1295 3763 1330 3798 tr·

205 3831 304 3885 chonte
319 3830 414 3884 Diocle
436 3849 535 3885 novum
554 3834 604 3886 hoc
617 3834 799 3888 Erechtheum
820 3834 973 3888 absolutum
997 3835 1096 3889 luisse.
1124 3835 1237 3890 Accedit
1257 3832 1330 3886 alten

204 3915 348 3986 inscriptio
371 3931 461 3986 nuper
481 3925 592 3987 reperta
607 3919 674 3990 (vid.
693 3920 839 3988 Rangabe:
855 3920 967 3991 Antiqq.
983 3921 1091 3974 Hellen.
1113 3920 1137 3974 I.
1154 3940 1182 3992 p.
1198 3925 1241 3974 45.
1255 3922 1294 3973 85.
1307 3922 1330 3967 tl

204 4000 338 4070 Stephani
362 4000 407 4053 in:
434 4002 531 4055 Annali
558 4002 602 4056 dcl
626 4003 715 4058 instit.
737 4005 892 4074 archeolog.
914 4005 978 4058 anni
995 4008 1071 4060 1845.
1097 4004 1232 4061 vouxv.
1247 4000 1329 4074 pfl&

205 4086 308 4157 seqq),
324 4101 395 4154 qnae
412 4085 516 4140 indicat
531 4087 575 4141 vel
591 4087 761 4160 Olympiadis
777 4090 871 4143 xclll
886 4106 958 4143 anno
974 4091 1097 4144 secundo
1116 4091 1150 4162 (i.
1171 4109 1196 4146 e.
1212 4092 1261 4143 407
1274 4092 1328 4139 ante

206 4285 378 4350 expressions
395 4284 574 4350 exagerdes.“
599 4287 731 4352 Equidem
749 4289 946 4340 nnllamvidea
965 4304 1090 4347 causum,
1115 4305 1163 4340 cur
1173 4286 1327 4338 Herodotum

206 4354 256 4403 has
269 4369 312 4402 ras
325 4354 451 4406 aratione
465 4371 650 4421 exaggerasse
664 4357 824 4407 existimem.
