2826 5132
220 419 280 481 388

655 414 922 474 HERODOTI

218 586 281 678 γάρ
299 615 349 657 τοι
367 590 424 674 τῆς
442 581 544 674 αὐτῆς
567 589 627 673 γῆς
653 584 740 656 εἶναι
764 584 892 675 καρπόν
909 614 945 655 τε
961 584 1160 677 θωυμαστόν
1175 583 1261 675 φύειν
1275 584 1318 651 καὶ

217 686 342 778 ἄνδρας
359 684 508 776 ἄγοιθοός
525 685 566 757 τό
584 690 730 778 πολέμια.
760 684 844 757 ὥστε
862 686 1063 777 συγγνόντες
1080 691 1201 779 Πέρσαι
1215 696 1318 775 οἴχοντο

217 787 437 879 ἀποστάντες,
474 792 679 871 ἑσσωθέντες
707 793 749 880 τῇ
770 788 887 880 γνώμῃ
910 787 991 880 πρός
1015 788 1147 879 Κύρου,
1178 786 1276 878 ἄρχειν
1291 812 1320 855 τε

216 1005 297 1041 vassc
310 989 488 1056 pluribusque
501 990 661 1056 exposuisse
675 990 759 1051 addit,

217 1074 388 1124 quemquem,
404 1059 495 1108 iudico
508 1057 658 1120 Larehero,
671 1059 760 1107 minus

215 1128 338 1190 respexit
362 1126 396 1175 ad
418 1126 593 1175 Christianae
617 1125 761 1191 religionis

215 1196 270 1243 vim
283 1199 365 1259 atque
379 1190 571 1244 auctoritatem
584 1195 710 1244 omnibus
722 1192 760 1243 lo·

216 1263 256 1311 cis
275 1278 308 1311 ae
325 1262 495 1327 temporibus
513 1263 554 1312 ita
572 1262 760 1312 accommoda·

214 1335 272 1393 tae,
283 1330 367 1380 utrix
377 1344 420 1393 ea,
431 1345 501 1393 quse
511 1329 575 1379 olim
585 1330 678 1392 fuerit,
688 1345 760 1379 nunc

216 1413 321 1463 quoqne
334 1399 491 1449 inveniatur
503 1399 576 1448 airis
591 1404 675 1463 atque
688 1397 760 1448 coeli

215 1482 265 1516 vis.

248 1527 284 1583 τό
299 1528 431 1598 πολέμιοι]
450 1533 511 1583 Vid.
529 1539 597 1584 nott.
617 1533 651 1583 ad
663 1534 719 1595 ΙΙΙ,
733 1534 756 1582 4.

214 1603 334 1651 Verbum
347 1595 516 1667 συγγνόντες
527 1601 617 1651 valet:
636 1619 689 1652 cum
702 1604 759 1665 (re-

214 1686 272 1720 rem
290 1670 349 1721 scil.
363 1670 427 1735 Cyri
445 1671 612 1719 sententiam
626 1668 701 1737 esse)
717 1672 756 1719 in·

213 1740 380 1789 teltexisecnt.
420 1739 483 1788 Vid.
507 1742 575 1788 nott.
607 1738 642 1787 ad
666 1738 717 1799 lV,
742 1737 758 1788 3

214 1812 242 1856 et
258 1807 300 1857 43.

246 1865 347 1940 ἄρχειν
359 1889 389 1924 τε
402 1870 512 1924 εἴλοντο
525 1866 637 1939 λυπρὴν
649 1866 756 1923 οἰκέον-

212 1958 258 2001 τες
272 1968 302 1976 -
317 1937 474 2007 δουλεύειν]
493 1943 513 1991 i.
527 1957 550 1991 e.
564 1944 692 2006 imperare
703 1958 755 1990 mu-

212 2015 312 2060 lucrunt
320 2017 417 2060 tenuem
426 2013 676 2068 incolentesterram,
684 2026 756 2075 qrmm

212 2085 377 2142 campestrem
390 2080 550 2144 fertilemque
571 2081 682 2127 colentes
699 2079 756 2127 alim

210 2150 317 2197 servire.
339 2146 441 2195 Vocem
452 2138 563 2210 tarteria
574 2146 608 2194 de
621 2145 680 2195 solo
693 2160 755 2209 gra·

213 2213 260 2263 cili
273 2230 306 2263 ac
318 2214 394 2264 tenui
404 2214 504 2263 Noster
514 2213 648 2274 adhibuit,
662 2220 692 2261 ut
702 2212 756 2263 Ho-

211 2297 276 2331 mer.
301 2281 352 2331 Od.
369 2281 447 2343 XIII,
472 2280 521 2332 343
544 2282 577 2330 de
598 2281 703 2331 Ithaca.
723 2307 754 2317 -

211 2350 278 2399 Post
294 2349 365 2399 haec
382 2349 467 2399 serbe
485 2349 513 2398 in
531 2348 607 2399 nullo
625 2354 755 2414 quantum

211 2419 269 2466 seio
282 2417 414 2468 Herodoti
432 2417 527 2467 codice
540 2417 686 2482 quidquam
699 2433 754 2467 am·

211 2484 282 2549 plius
295 2485 397 2550 legitur
415 2486 528 2550 ipseque
545 2486 607 2534 finis
625 2485 754 2535 historia-

210 2568 269 2601 rum
280 2553 309 2602 in
322 2553 482 2618 quibusdam
496 2553 638 2604 codicibus
650 2553 753 2602 diserto

210 2620 362 2671 indicatur:
391 2626 464 2670 teste
494 2621 755 2687 Schweighaeusero

211 2689 324 2751 „scriba
344 2689 425 2738 Arch.
452 2686 483 2754 [i.
501 2704 527 2738 e.
545 2685 696 2805 Sancrofti)
721 2688 754 2737 li·

209 2756 287 2806 brum
300 2759 340 2806 ite
352 2756 469 2806 claudit:
479 2746 645 2820 ‘Hpuddtoro
657 2754 674 2821 β
689 2754 754 2821 dioc

209 2824 334 2875 sitrecte
351 2818 441 2886 πέρας
458 2817 546 2887 leidae
557 2812 614 2874 ὦδε
631 2823 695 2888 [quo
708 2823 754 2874 he-

209 2897 333 2942 xametro
350 2892 494 2941 terminari
512 2892 609 2941 librum
627 2891 699 2941 hunc
712 2898 752 2941 te-

208 2963 298 3008 statur
307 2974 413 3025 quoque
424 2956 616 3022 Gaisiordius].
629 2958 661 3007 ln
668 2958 752 3011 Codd.

208 3027 290 3076 Pesst
314 3042 379 3075 vero
412 3031 439 3075 et
465 3026 536 3077 Med.
568 3025 752 3076 subiiciuntur

207 3094 291 3143 haee:
312 3087 537 3145 ‘HPOAOTOT
547 3085 753 3146 ἸΣΤΟΡΙΩΝ

209 3156 242 3211 Θ’
257 3160 426 3212 XXHHHI.
443 3161 472 3211 id
489 3166 544 3213 est:
569 3163 699 3212 Herodoti
713 3164 750 3212 tri·

206 3235 343 3280 stortomrm
364 3229 537 3293 liberbertas,
561 3229 600 3279 lits
620 3233 685 3280 mille
707 3233 751 3280 du·

207 3303 288 3348 centis
310 3306 335 3349 et
356 3314 405 3349 see
420 3298 534 3349 versibus
549 3299 750 3363 comprehensus.

207 3367 240 3416 In
257 3367 289 3418 F.
308 3366 480 3426 [Florentino
498 3364 577 3431 libro]
601 3366 677 3416 nulla
695 3366 752 3437 alia

207 3435 260 3483 nisi
273 3434 344 3484 haec
357 3435 475 3500 aprima
490 3449 572 3484 manu
584 3434 750 3499 subscriptio

208 3506 263 3551 est:
272 3493 428 3564 Ἡροδότου
437 3495 568 3566 ἱστοριῶν
575 3492 669 3567 ἐνάτη.
682 3501 752 3552 Cae-

207 3574 306 3631 terum,
326 3570 396 3635 quod
409 3571 558 3635 Dionysius
570 3570 750 3620 Halicarnas-

206 3637 359 3693 sensis‚ubi
368 3638 401 3688 de
412 3638 545 3688 Herodoti
557 3637 679 3689 historiis
689 3653 750 3689 vor·

206 3705 244 3755 ba
261 3705 343 3767 iacit,
368 3706 420 3767 eit,
444 3699 475 3754 τό
493 3699 548 3771 γοὶρ
564 3695 634 3756 oded
651 3722 673 3755 τι
691 3704 747 3757 ool·

206 3764 273 3837 μιόν
285 3787 314 3822 τε
327 3769 377 3822 καὶ
388 3763 463 3838 α’ρχὴ
476 3770 525 3823 καὶ
537 3767 615 3832 τέλος
629 3722 689 3824 dor?
698 3774 750 3841 τῆς

207 3834 332 3903 ἱστορίας
345 3840 384 3903 (in
396 3841 514 3905 Epistol.
530 3841 565 3890 ad
578 3843 699 3907 Pompei.
713 3843 747 3893 de

205 3909 328 3973 praecip.
341 3908 481 3958 historicis
494 3924 518 3958 c.
529 3908 554 3959 3.
564 3910 595 3958 Τ.
606 3910 652 3960 VI.
663 3927 689 3975 p.
698 3910 748 3960 767

206 3976 249 4025 ed.
262 3975 381 4040 neten),
400 3975 464 4025 inde
482 3975 653 4041 collegerunt
673 3979 747 4028 docti

205 4042 330 4093 nonnulli
341 4045 407 4106 viri,
422 4043 596 4094 intercidisse
610 4046 638 4095 in
650 4046 746 4112 vulga·

205 4112 241 4160 tis
251 4111 383 4162 Herodoti
394 4111 596 4177 exemplaribus
605 4114 746 4179 Epitopam,

205 4194 257 4243 quo
281 4179 402 4230 historiis
424 4180 481 4229 suis
504 4181 659 4232 coronidem
682 4182 746 4232 olim

204 4247 378 4312 imposuisset
399 4253 503 4298 auctor⁴
537 4249 573 4297 At
594 4250 621 4298 in
640 4251 746 4299 cunctis

204 4316 296 4365 mestis
308 4315 457 4377 codicibus,
471 4331 583 4381 quorum
597 4318 631 4367 ad
641 4333 690 4366 nos
701 4333 746 4367 no·

204 4383 267 4432 titia
280 4384 414 4447 pervenit,
428 4390 490 4449 post
502 4386 556 4434 ista
568 4385 654 4435 verbe
664 4378 686 4450 ἢ
696 4400 745 4435 πε·

813 981 903 1039 dedda
926 987 1089 1055 σπείροντες
1111 980 1213 1041 ἄλλοισι
1229 976 1321 1036 desieri-

813 1072 870 1120 ew,
893 1057 962 1106 nihil
979 1057 1109 1123 amplius,
1128 1057 1193 1123 quod
1209 1055 1239 1104 ab
1254 1053 1322 1101 Here·

812 1126 870 1175 doti
879 1140 961 1175 manu
969 1126 1123 1190 profectum
1134 1128 1175 1187 sit,
1186 1119 1322 1188 reperitur.“

811 1194 890 1243 Haec
900 1193 1153 1258 Schweighaeuseri
1164 1192 1241 1243 rerba
1251 1186 1323 1247 retuli,

812 1261 910 1326 quibus
920 1276 988 1311 sane
997 1260 1169 1326 intelligitur,
1177 1258 1268 1309 nullam
1276 1270 1323 1305 esse

813 1344 938 1391 causam,
953 1345 1001 1379 cur
1013 1328 1151 1394 epilogum
1164 1324 1282 1393 quendam
1292 1324 1324 1371 in·

810 1398 919 1448 teriisse
953 1398 1155 1460 existimemus,
1189 1393 1325 1461 praesertim

811 1480 881 1527 cum,
896 1465 1061 1515 Schoellium
1072 1467 1096 1514 si
1106 1464 1243 1530 sequimur,
1255 1460 1324 1509 Hero·

810 1533 868 1582 deti
880 1534 1004 1583 narratio
1018 1550 1063 1594 eo,
1081 1533 1154 1583 unde
1171 1544 1260 1581 exorsa
1271 1531 1326 1585 erat,

809 1601 855 1651 hio
874 1602 953 1666 qussi
969 1601 1059 1652 redire
1077 1601 1213 1659 videntur,
1232 1593 1327 1646 consilio

810 1671 893 1719 totius
906 1670 995 1735 operis
1008 1669 1132 1735 expleto:
1156 1683 1231 1733 quam
1248 1666 1272 1713 in
1283 1676 1328 1711 reru

809 1737 918 1802 longior
942 1737 977 1787 ad
1000 1737 1027 1790 lr.
1051 1738 1069 1786 l.
1095 1742 1187 1787 exstat
1207 1730 1329 1807 annotatio

807 1805 947 1868 Schoellii,
954 1805 1096 1856 vernaculi
1105 1803 1264 1869 interpretis.
1274 1797 1329 1847 Mihi

807 1878 900 1923 tamen
912 1873 1089 1924 verisimilius
1101 1874 1215 1930 videtur,
1227 1865 1328 1919 Herodo-
1398 1918 1399 1923 ,

807 1946 878 2003 tom,
898 1956 977 2007 quem
989 1941 1099 1991 Thuriis
1116 1942 1146 1991 in
1163 1954 1241 2005 opere
1253 1934 1328 1986 elebo·
1398 1988 1399 2003 χ

807 2010 907 2068 raudo,
928 2008 1107 2074 perficiendo,
1130 2005 1282 2074 expoliendo
1295 2016 1327 2050 ur·
1398 2008 1399 2011 ’

808 2092 859 2142 que
879 2077 914 2127 ud
932 2083 1081 2127 extremum
1093 2078 1169 2127 vitae
1185 2076 1253 2125 diem
1264 2084 1325 2122 occr·
1398 2140 1399 2143 Ἴ

807 2149 901 2210 potum
918 2145 1054 2208 ridemus,
1074 2147 1137 2211 ipsa
1153 2147 1237 2195 morte
1253 2152 1324 2204 super·
1398 2172 1399 2213 ρ

808 2213 1186 2277 venienteimpeditamesse,
1200 2209 1327 2277 quominus
1398 2238 1399 2251 ι

807 2281 879 2331 hanc
892 2296 998 2346 quoque
1011 2282 1102 2345 operis
1119 2286 1225 2346 partem
1238 2286 1330 2344 prorsus

807 2348 971 2399 absolveret.
990 2349 1071 2398 Hauc
1083 2350 1171 2414 igitur
1184 2354 1281 2413 partem
1291 2345 1331 2390 im·
1398 2376 1399 2405 3

806 2417 960 2481 perfectam
978 2433 995 2466 a
1012 2432 1079 2466 sene
1096 2415 1254 2467 moribundo
1267 2412 1329 2460 dere·

805 2485 901 2534 lictum
925 2499 986 2534 esse
1015 2484 1129 2534 credere
1154 2483 1256 2543 malim,
1282 2491 1331 2527 cun

806 2568 875 2617 quae
889 2557 1010 2602 extremo
1022 2551 1073 2601 hoo
1086 2553 1182 2617 capite
1196 2551 1241 2599 122
1253 2549 1331 2622 lepus·

807 2626 863 2682 tur,
889 2621 936 2670 vix
954 2621 1054 2669 iustam
1076 2635 1109 2669 ac
1132 2620 1242 2685 dignam
1256 2625 1332 2680 opens

806 2687 958 2737 clausulam
978 2688 1150 2738 constituant
1166 2703 1219 2737 neo
1234 2681 1333 2748 amplius

806 2756 871 2820 quid
889 2756 924 2805 ab
942 2755 1076 2806 Herodoti
1097 2771 1182 2806 manu
1198 2753 1331 2821 proiectum

806 2838 867 2873 esse
885 2823 1016 2873 credibile
1035 2825 1085 2873 sitr
1109 2824 1192 2874 immo
1214 2820 1276 2872 mihi
1294 2816 1331 2865 du·
1398 2832 1399 2865 ι

805 2891 867 2941 dnm
884 2891 980 2942 oborta
1003 2897 1045 2942 est
1060 2893 1199 2957 suspicio,
1223 2906 1256 2940 ea
1275 2889 1333 2953 ips&
1398 2896 1399 2913 ¹

805 2974 876 3024 quae
888 2975 950 3024 cap.
965 2958 1012 3008 122
1025 2965 1149 3023 exstent,
1168 2959 1213 3011 vel
1226 2974 1241 3008 a
1254 2955 1333 3006 Gram-

803 3028 905 3077 matico
928 3028 1044 3091 quodam
1060 3027 1228 3078 Herodoteis
1249 3024 1334 3075 adsuta

802 3095 846 3145 vel
867 3095 902 3145 ab
925 3096 984 3160 ipso
1004 3096 1146 3147 Herodoto
1168 3095 1265 3146 relicta
1285 3102 1334 3140 esse

802 3163 966 3228 imperfecte
987 3168 1073 3213 morte
1092 3163 1205 3214 scilicet
1221 3169 1333 3227 oppresso

803 3235 886 3296 atque
899 3232 1043 3296 impedito,
1057 3247 1110 3296 quo
1123 3233 1214 3282 minus
1224 3230 1333 3280 ultiman

802 3297 879 3349 hisco
898 3299 1057 3350 admoveret
1074 3315 1195 3350 manum.
1226 3298 1333 3348 Commo

802 3371 850 3416 vet
873 3382 916 3417 me
940 3367 1029 3431 ipsum
1053 3372 1259 3433 argumentum,
1283 3365 1332 3427 ipss

802 3435 906 3494 oratio,
925 3449 996 3499 quae
1013 3436 1109 3486 nescio
1127 3435 1194 3501 qnid
1211 3432 1333 3484 hebetio-

801 3502 933 3553 solentius
944 3517 977 3553 ac
992 3502 1092 3565 durius,
1102 3504 1234 3554 ridentur
1242 3506 1337 3552 seuten-

801 3571 859 3621 tiae
877 3572 1052 3636 grammatici
1069 3571 1159 3622 seduli
1176 3571 1261 3636 opert
1277 3566 1333 3616 alio·
1398 3588 1399 3629 j

800 3654 859 3688 rum
872 3640 976 3704 scripta
990 3638 1168 3704 compilantis
1180 3639 1271 3705 potius
1283 3649 1335 3685 corr·
1398 3680 1399 3691 ,

801 3712 898 3771 gestae
922 3722 1003 3772 qnam
1025 3723 1058 3757 ex
1075 3707 1213 3757 Herodoti
1236 3704 1334 3770 ingenis

801 3775 954 3840 prolectas.
987 3775 1046 3825 Nec
1067 3790 1135 3825 sane
1159 3774 1262 3824 liberas
1283 3782 1334 3820 esse

799 3843 934 3894 Herodoti
943 3843 1036 3893 Muses
1049 3843 1083 3892 ab
1094 3843 1252 3894 huiusmodi
1263 3842 1334 3890 intar-

799 3911 984 3975 polationibus
1012 3912 1072 3960 sive
1096 3910 1333 3961 Grammaticorum

800 3979 1006 4041 additamentis,
1020 3994 1055 4029 es
1064 3980 1212 4029 ostendere
1222 3976 1334 4043 possunt,

799 4061 868 4111 quae
882 4049 936 4096 iam
949 4063 1032 4112 supra
1045 4046 1080 4097 ad
1092 4047 1138 4108 VI,
1152 4046 1211 4096 1⁶22.
1225 4046 1283 4106 VH,
1295 4039 1335 4090 rm

798 4114 861 4164 coll.
873 4116 913 4177 ll,
927 4114 983 4165 116.
995 4114 1043 4164 117
1062 4114 1196 4165 adnotata
1207 4114 1334 4178 leguntur.

798 4182 875 4243 Quae
888 4183 988 4233 menda
1000 4197 1061 4233 cum
1072 4182 1159 4233 libros
1169 4183 1286 4247 scriptos
1293 4190 1334 4227 nd

797 4250 841 4300 bis
864 4256 990 4301 serratos
1019 4252 1186 4316 antiquitate
1212 4260 1335 4315 praeter·

797 4323 866 4383 tant,
873 4319 926 4368 hoc
936 4335 1042 4384 quoqne
1052 4318 1113 4369 loco
1123 4319 1194 4369 certi
1206 4317 1269 4382 quid
1279 4327 1335 4363 con·

796 4386 910 4437 stituere
930 4387 1011 4439 valde
1034 4387 1168 4437 lubricum
1193 4391 1238 4436 est
1259 4388 1334 4447 etque
