2866 5134
313 422 371 482 DE
394 424 498 483 VITA
520 425 578 482 ΕΤ
600 422 793 483 SCRIPTIS
815 422 1052 482 HERODOTI.
1189 427 1250 489 435

106 612 181 664 quse
204 594 239 646 de
254 593 381 664 Aegypto
401 595 502 661 tradit,
530 596 564 647 de
587 612 642 664 qua
659 602 734 647 terra
752 603 816 647 ante
830 595 999 648 Herodotum
1014 597 1147 648 neminem
1161 596 1249 649 Heca-

106 689 170 732 taeo
190 681 346 731 accuratius
362 681 436 732 inter
451 681 574 733 Graecos
594 679 741 749 scripsisse
756 687 859 732 certum
877 687 929 733 est.

193 763 236 815 De
249 765 382 819 Hecataeo
396 765 500 818 Milesio
520 766 558 817 ita
581 764 677 817 scribit
691 764 792 817 Suidas
809 765 831 817 Ι.
848 784 875 835 p.
892 768 958 818 687:
975 759 1125 834 Ἡρόδοτος
1147 758 1252 819 dimo-

107 843 281 916 napaacoedc
306 842 487 919 ὠφέληται
512 843 644 903 τούτου
670 844 802 917 νεώτερος
817 841 865 915 aiv,
882 856 910 902 et
925 851 1112 919 Hermogenes
1129 850 1251 903 deldeis

109 934 146 997 ΙΙ,
162 937 194 986 12
209 938 251 1002 (ρ.
266 934 420 988 3991111111.
443 953 469 1002 p.
488 937 539 988 423
555 933 713 1003 Spengel.):
728 927 874 996 Ἑκαταῖος
885 931 915 988 dl
930 928 1104 1004 ὁΜιλήσιος,
1118 928 1192 1004 παρ’
1210 924 1251 988 οὗ

109 1013 145 1087 δὴ
160 1012 318 1085 μάλιστα
334 1011 512 1087 ὠφέληται
528 1011 543 1071 ὁ
557 1013 712 1089 Ἡρόδοτος,
723 1014 851 1088 καθαρὸς
861 1017 910 1087 μέν
920 1014 975 1075 ἐστι
987 1019 1036 1075 καὶ
1048 1016 1139 1090 σαφής
1150 1023 1251 1084 11.τ.1.,

109 1102 229 1174 itemque
248 1102 421 1172 Porphyrius
445 1104 518 1173 apud
543 1104 613 1156 Eue.
636 1103 735 1174 Praep.
756 1106 810 1158 En.
832 1105 866 1172 X,
882 1108 908 1159 3.
924 1124 952 1175 p.
969 1110 1021 1159 466
1037 1107 1070 1158 Β.
1086 1107 1135 1173 (ll.
1158 1123 1187 1174 p.
1200 1107 1252 1158 459

109 1188 232 1254 Gaisl'.):
256 1181 408 1257 Ἡρόδοτος
433 1183 463 1242 ἓν
487 1191 521 1261 τῇ
547 1186 660 1262 δευτέρᾳ
679 1183 768 1242 πολλὰ
790 1184 936 1243 Ἑκαταίου
955 1192 1006 1244 τοῦ
1022 1192 1163 1260 Μιλησίου
1180 1183 1251 1243 κατὰ

1 1343 2 1348 ¹
107 1270 182 1338 λέξιν
213 1267 379 1342 μετήνεγκεν
401 1267 431 1327 ἐκ
454 1275 504 1343 τῆς
526 1269 714 1342 περιηγήσεως
740 1273 841 1346 βραχέα
861 1270 1109 1344 παραποιήσας*);
1132 1274 1254 1327 nominat

106 1366 200 1410 autem
211 1355 383 1426 Porphyrius
397 1357 425 1410 in
443 1357 485 1410 his
501 1358 710 1428 descriptionem
722 1359 908 1429 hippopotami
923 1361 973 1429 (ΙΙ,
982 1364 1026 1413 71.
1041 1360 1099 1411 Vol.
1109 1360 1132 1411 I.
1149 1378 1174 1429 p.
1188 1361 1252 1431 588)

107 1450 137 1494 et
158 1441 344 1494 narrationem
365 1441 399 1495 de
422 1442 567 1495 venatione
589 1442 786 1497 crocodilorum
807 1445 856 1514 (ΙΙ,
872 1448 929 1516 70).
968 1445 1079 1507 Quibus
1094 1444 1253 1496 Creuserus

107 1527 136 1579 in
152 1528 277 1594 tragmm.
293 1527 430 1579 historice„
447 1545 475 1597 p.
493 1531 533 1581 19.
550 1530 584 1580 29
599 1527 692 1580 adiicit
705 1529 785 1581 etiam
801 1530 986 1582 narrationem
1001 1529 1035 1581 de
1050 1528 1188 1581 Phoenice
1203 1545 1253 1580 ave

1 1615 2 1642 ³
107 1611 147 1677 ΙΙ,
173 1613 208 1664 73
234 1610 308 1681 [Vol.
323 1611 347 1663 1.
371 1629 399 1680 p.
421 1615 470 1665 591
480 1608 536 1682 **)]
566 1613 713 1665 accedente
734 1611 886 1666 Klausenio
913 1614 946 1666 ad
968 1613 1101 1666 Hecataei
1129 1614 1252 1680 lragmm.

107 1712 173 1765 pag.
191 1698 251 1763 126,
270 1695 318 1765 qai
333 1712 513 1767 quaecunque
528 1697 563 1749 de
578 1697 722 1749 crocodilis
737 1704 766 1749 et
782 1699 972 1773 hippopotamo
989 1699 1026 1763 ΙΙ,
1041 1701 1085 1752 68.
1101 1702 1145 1752 uu.
1162 1701 1206 1751 70.
1219 1700 1251 1750 71

107 1787 269 1848 narrantur,
285 1798 318 1832 ex
333 1781 470 1833 Hecataeo
486 1782 567 1834 ducta
584 1781 643 1833 vult
657 1781 675 1836 Ι.
692 1782 708 1836 Ι.
722 1800 749 1851 p.
765 1786 824 1850 128,
839 1783 958 1854 itemque
980 1780 1022 1857 (p.
1039 1785 1101 1847 132)
1119 1783 1254 1835 narratio-

107 1883 160 1918 nes
174 1866 211 1918 de
225 1865 403 1934 serpentibus
420 1865 501 1918 alatis
517 1873 545 1918 et
559 1866 637 1918 ibide
652 1883 703 1919 ave
718 1867 754 1933 ll,
771 1870 815 1920 75.
831 1870 874 1934 76,
900 1867 924 1920 si
946 1867 1055 1937 quidem
1076 1867 1172 1920 horum
1194 1867 1253 1919 ani-

107 1948 227 2017 malium,
243 1966 315 2019 quae
329 1950 396 2003 mira
410 1948 459 2002 alit
473 1950 628 2021 Aegyptus,
646 1958 770 2003 naturam
785 1951 947 2020 diligentius
963 1952 997 2003 ab
1011 1953 1151 2004 Hecataeo
1167 1950 1254 2020 expli-

106 2042 196 2088 catam
213 2034 301 2086 luisse
324 2034 454 2087 credibile
475 2035 532 2087 liat.
565 2036 666 2105 Neque
687 2042 775 2088 tamar
798 2055 832 2090 ex
855 2054 887 2089 eo
904 2036 973 2103 solo,
991 2036 1098 2106 opinor,
1114 2035 1188 2088 ellici
1205 2054 1253 2105 po·

105 2120 185 2187 terit,
206 2120 289 2171 hasce
305 2119 457 2172 animalium
474 2119 685 2190 descriptiones,
702 2137 771 2191 quas
788 2122 871 2174 ol’lert
882 2121 1051 2187 Herodotus,
1068 2138 1101 2173 ex
1115 2121 1254 2173 Hecataeo

105 2205 287 2274 depromptae
315 2222 392 2271 esse,
420 2222 471 2257 nec
495 2204 565 2257 satis
590 2205 715 2275 equidem
741 2205 896 2275 intelligere
911 2224 1037 2275 possum,
1064 2223 1113 2258 cur
1130 2206 1164 2258 ad
1183 2206 1255 2257 hunc

105 2289 283 2358 scriptorem,
302 2305 382 2357 quem
393 2289 453 2341 aliis
465 2289 533 2341 locis
548 2288 701 2355 cavillatur,
718 2308 833 2343 necesse
845 2290 973 2343 habuerit
987 2292 1138 2358 coningere
1149 2290 1255 2342 Noster

105 2375 136 2427 in
153 2373 199 2439 iis,
209 2390 280 2443 quoe
286 2374 414 2442 ipsesuis
422 2372 509 2426 oculis
515 2373 612 2426 melius
620 2375 763 2444 percipere
775 2376 866 2443 potuit
875 2392 1002 2446 quaeque
1016 2375 1053 2427 ita
1066 2375 1145 2428 etiam
1158 2375 1253 2439 refert,

108 2466 142 2511 111
158 2458 220 2510 sais
233 2458 323 2528 ipsum
337 2457 424 2511 oculis
439 2458 503 2510 talia
528 2459 685 2529 inspexisse
707 2459 787 2512 facile
801 2467 943 2530 appareat.
978 2460 1117 2512 Hecataeo
1134 2459 1255 2512 narratis

110 2541 213 2594 similia
231 2543 364 2613 quaedam
388 2560 448 2595 cum
461 2543 561 2613 prodat
575 2543 613 2614 ΙΙ,
632 2548 681 2610 77,
705 2543 889 2597 coniecturam
903 2545 968 2597 inde
983 2544 1103 2611 ducunt,
1119 2561 1153 2596 ex
1165 2543 1255 2596 Heca-

111 2636 177 2678 taeo
194 2627 258 2680 haec
272 2643 383 2698 quoque
398 2629 559 2697 deprompta
573 2646 651 2680 esset
668 2629 704 2681 ei.
726 2634 795 2681 nott.
814 2628 875 2682 Vol.
892 2629 915 2681 Ι.
933 2648 961 2699 p.
977 2632 1029 2683 598
1045 2634 1073 2681 et
1088 2629 1151 2681 add.
1168 2627 1254 2680 Klau-

116 2727 179 2763 sen.
198 2710 216 2763 l.
232 2711 248 2764 Ι.
262 2730 290 2781 p.
311 2715 370 2766 125.
397 2712 466 2765 Cum
475 2713 616 2766 Hecataeo
630 2729 741 2783 quoque
757 2714 896 2767 consentit
910 2713 1067 2784 Aegyptum
1080 2712 1138 2765 Nili
1156 2713 1256 2765 donum

115 2812 180 2847 esse
198 2814 326 2850 asserens
347 2796 384 2865 ΙΙ,
404 2800 436 2869 5,
457 2797 490 2849 de
516 2814 571 2868 quo
595 2796 655 2849 loco
683 2798 739 2850 vid.
765 2797 863 2850 Voll.
880 2818 907 2868 p.
925 2801 975 2858 817
998 2805 1026 2850 et
1046 2798 1180 2850 Klausen.
1202 2797 1219 2850 l.
1237 2796 1255 2849 l.

114 2899 142 2949 p.
158 2884 219 2934 122.
249 2881 333 2945 Quod
349 2899 415 2935 vero
429 2882 499 2935 idem
516 2881 649 2936 Klausen.
672 2882 690 2936 l.
711 2882 730 2935 l.
747 2900 774 2952 p.
797 2886 832 2937 95
847 2883 1029 2954 satrapiarum
1045 2883 1256 2951 descriptionem

113 2964 165 3032 ΙΙΙ,
190 2968 226 3020 89
251 2985 330 3038 seqq.
357 2985 390 3019 ex
413 2967 551 3020 Hecataeo
567 2967 689 3020 haustam
712 2967 781 3036 vult,
806 2966 897 3021 alitier
921 2968 984 3020 mihi
1010 2968 1100 3021 videri
1124 2968 1176 3020 iam
1199 2966 1256 3019 dixi

113 3049 174 3102 Vol.
191 3050 231 3103 ΙΙ.
246 3070 274 3121 p.
293 3054 352 3105 110.

179 3265 208 3330 ⁸)
232 3268 254 3317 I.
280 3283 303 3317 e.
328 3266 415 3317 treola
435 3268 586 3317 tramutondo
609 3270 771 3325 adulterans,
796 3271 826 3316 ut
848 3268 1046 3332 interpretatur
1073 3266 1105 3316 A.
1130 3265 1164 3315 de
1189 3266 1256 3315 Gut-

112 3334 219 3384 schmitl
239 3334 256 3384 l.
275 3333 293 3385 l.
312 3350 377 3401 pag.
396 3333 550 3386 5351011111
574 3336 742 3385 sententiam
766 3336 806 3384 sic
830 3334 959 3384 reddens:
983 3335 1153 3396 „Herodotus
1170 3334 1256 3383 Hecu·

112 3409 194 3451 torum
206 3403 245 3452 cd
254 3403 354 3453 verdum
366 3405 512 3467 exscripsit,
526 3403 647 3453 11511111
660 3403 782 3468 quaedam
794 3405 894 3467 excipis
906 3404 1049 3459 enunciata,
1063 3418 1127 3468 quae
1139 3402 1257 3450 lamando

111 3469 297 3522 adulteroutt.“
327 3472 370 3520 De
387 3471 472 3521 verbo
490 3472 666 3535 aeconomia
678 3470 750 3520 conl.
765 3469 853 3519 allata
866 3470 894 3518 in
907 3468 1048 3519 Thesauro
1061 3469 1142 3532 Ling.
1156 3468 1255 3518 Graec.

108 3537 173 3590 Vol.
194 3538 242 3588 Vl.
261 3555 287 3603 p.
306 3537 357 3589 364
376 3539 418 3587 ed.
437 3539 562 3589 Dindorl'.
589 3544 617 3588 et
632 3538 748 3587 Jacobs:
774 3535 945 3587 Vermischte
964 3536 1077 3586 Schrilt.
1095 3536 1126 3585 V.
1151 3552 1177 3600 p.
1196 3534 1255 3585 582.

108 3606 168 3656 Sed
188 3605 344 3670 Porphyrii,
364 3606 434 3656 levis
452 3607 626 3657 auctoritatis
639 3605 790 3670 scriptoris,
809 3604 901 3655 verbis
914 3603 1017 3653 nullam
1029 3604 1084 3653 vim
1096 3603 1253 3668 nullamque

107 3674 195 3724 fidem
213 3687 323 3739 prorsas
343 3674 516 3735 tribuendam
536 3689 597 3724 esse
620 3678 696 3723 recte
713 3673 818 3723 monuit
840 3671 912 3720 idem
932 3670 1094 3721 Gutschmid
1111 3671 1129 3720 l.
1148 3670 1167 3725 Ι.
1186 3671 1256 3721 Mill·

105 3742 151 3792 ler
170 3741 191 3793 l.
210 3741 228 3792 l·.
241 3757 313 3818 pag.
326 3741 391 3792 XIV
409 3740 479 3791 haec
497 3743 539 3792 ita
556 3740 740 3803 intellexerat,
760 3745 791 3788 ut
802 3738 982 3804 Porphyrium
1000 3739 1107 3789 diceret
1125 3739 1256 3788 incidisse

107 3812 139 3860 iu
157 3822 340 3874 περιηγησιν,
359 3824 430 3874 quae
449 3825 482 3859 ex
500 3809 640 3860 Herodoto
660 3808 778 3873 aliisque
796 3806 936 3857 historicis
955 3805 1105 3872 compilata
1117 3807 1257 3857 Hecataei

106 3892 214 3929 momen
234 3878 272 3926 sit
289 3878 412 3930 mentita.

179 3941 225 4008 **)
249 3944 303 3994 Ubi
327 3961 397 4010 quae
420 3944 575 3995 Herodotus
593 3944 689 4004 tradit,
714 3959 748 3994 ex
770 3942 891 4008 imagine
914 3942 1000 4007 ipsius
1024 3942 1097 4002 avis,
1125 3956 1206 4006 quam
1229 3942 1257 3991 in

108 4012 300 4064 monumentis
319 4012 454 4078 adspexit,
473 4012 791 4077 flrrxisseprobavim11s3
815 4010 952 4060 accedunt
971 4025 1017 4072 ea,
1038 4024 1108 4075 quae
1131 4010 1256 4059 sacerdo·

105 4088 154 4132 tas
166 4078 361 4145 Heliopolites
379 4086 568 4142 narraverant,
587 4079 641 4145 ipsi
659 4078 797 4129 Herodoto
815 4078 888 4128 haud
906 4078 1032 4143 probata.
1064 4077 1142 4139 Quae
1161 4076 1257 4127 eadem

106 4150 146 4201 ad
166 4149 342 4198 Hecataeum
365 4153 491 4213 spectare
514 4153 594 4213 putat
611 4146 710 4196 Miiller
733 4147 871 4212 Fragmm.
895 4145 957 4196 hiet.
983 4144 1098 4196 Graece.
1123 4145 1145 4194 1.
1169 4161 1194 4209 p.
1213 4143 1255 4207 21,

106 4216 189 4268 haud
212 4220 290 4265 recte
314 4231 347 4265 ex
370 4231 432 4265 mea
455 4216 607 4281 sententia,
632 4230 692 4264 cum
711 4229 782 4281 quae
810 4230 843 4264 ex
860 4214 1006 4264 Hecataeo
1034 4214 1195 4278 deprompta
1211 4211 1257 4261 hic

105 4285 194 4345 velit,
214 4298 250 4333 aa
268 4283 303 4333 ab
315 4283 494 4348 Heliopolitis
513 4283 672 4333 auctoribus
692 4283 726 4332 ab
739 4281 877 4332 Herodoto
897 4282 1060 4331 indicentur.
1093 4281 1151 4330 Nec
1169 4279 1258 4344 magis

105 4368 147 4405 ex
165 4351 315 4402 Hecataeo
338 4351 506 4417 desumptam
531 4350 694 4401 crediderim
718 4349 849 4400 crocodili
873 4348 1099 4414 descriptionem,
1125 4348 1167 4395 uti
1185 4346 1257 4396 idem

105 4419 218 4473 muller
235 4417 254 4470 l.
273 4418 291 4468 l.
312 4419 470 4472 arbitratur.

989 4497 1056 4564 ss*
