2826 5132
472 906 829 993 EXOURSUS

548 1082 596 1135 nc
616 1081 688 1151 vm,
704 1086 747 1136 σε.

581 1250 713 1259 ——.-

294 1366 339 1427 Ite
355 1367 516 1427 Erechthei
534 1371 640 1445 templo
656 1371 688 1428 ιἰι
711 1366 896 1429 Athenarum
916 1383 998 1427 arce.

165 1539 265 1592 Scribit
280 1539 440 1593 Herodotus
457 1540 533 1607 Vlll,
558 1545 607 1595 oo:
627 1538 698 1595 ἔστι
718 1536 748 1596 ἐν
769 1542 803 1614 τῇ
821 1532 957 1609 όκροπόλι
973 1533 1061 1611 ταότη
1077 1531 1219 1609 Ἐρεχθέος

95 1625 134 1676 τοῦ
147 1622 271 1693 γηγενέος
287 1622 434 1694 λεγομένου
450 1621 523 1680 εἶναι
536 1621 619 1697 νηός,
639 1620 669 1681 ἐν
682 1628 723 1700 τῷ
743 1621 820 1695 ἐλαίη
834 1644 862 1681 σε
883 1622 933 1680 ναὶ
944 1611 1073 1679 θόλαοοα
1086 1621 1142 1693 ἔνι,
1157 1625 1218 1695 qui·

94 1708 137 1761 bus
156 1710 243 1762 verbis
267 1716 400 1777 testatur,
419 1731 470 1766 rua
493 1713 574 1782 ipsius
596 1721 685 1767 cetute
712 1709 823 1783 (ἔστι)
845 1711 874 1763 in
899 1727 931 1763 ea
956 1727 1020 1764 arce
1040 1710 1218 1779 Athenarum,

93 1810 160 1863 quem
174 1795 279 1848 Xerxes
294 1795 382 1864 cepit,
399 1796 488 1849 luisse
503 1796 651 1850 Erechthei
666 1797 742 1850 terrh
763 1795 821 1849 neti
842 1796 949 1862 eedem,
973 1795 1001 1848 in
1025 1811 1081 1865 qun
1100 1794 1219 1866 (adhuc)

92 1877 234 1932 invenietur
254 1879 317 1932 oles
336 1887 364 1932 et
385 1898 473 1933 mure:
497 1899 567 1952 quae
590 1883 651 1953 ipsa
665 1882 873 1935 Atheniensium
894 1882 963 1934 ieme
981 1881 1038 1933 fert
1062 1879 1220 1933 testimonis

93 1965 204 2031 posuisse
218 1965 373 2018 Vulcanum
387 1975 416 2017 et
431 1966 599 2035 Minervam,
616 1985 676 2020 cum
697 1968 732 2021 de
750 1969 801 2019 hec
816 1973 891 2019 terre
903 1965 964 2018 olim
979 1960 1217 2033 decertassent*).

92 2047 244 2103 Ιλοιοοοαιοι
257 2050 302 2102 his
318 2050 410 2103 verbis
425 2052 459 2103 ad
474 2052 667 2123 anitiquissima
681 2052 849 2107 Athenarum
869 2058 992 2123 tempore
1007 2057 1036 2104 et
1052 2051 1087 2104 ed
1102 2049 1217 2119 primor-

92 2133 128 2185 dio
141 2153 224 2188 rernm
240 2134 402 2203 Atticorum,
418 2137 453 2190 ed
469 2155 540 2207 quoe
555 2138 653 2191 huecce
670 2138 818 2191 Erechthei
832 2137 932 2205 redes,
948 2152 1020 2207 queo
1037 2153 1097 2191 cum
1112 2134 1219 2188 Minor-

94 2236 132 2269 σεο
150 2220 268 2274 Poliodis
289 2220 355 2273 aede
371 2222 518 2275 coniuncte
541 2232 614 2291 erut,
636 2223 677 2276 sic
691 2222 839 2294 pertinuit,
867 2229 898 2274 ut
918 2223 1016 2275 haecce
1038 2221 1120 2275 redes
1147 2221 1218 2273 snti-

93 2304 229 2371 quissimum
256 2312 287 2357 ct
309 2306 507 2359 sanctissimam
530 2307 681 2361 Atticarum
703 2308 866 2376 religionum
893 2314 997 2377 partem
1021 2307 1220 2361 constitueret:

95 2405 187 2459 cunque
212 2392 247 2442 ob
271 2406 379 2443 cuusern
392 2391 537 2461 Epidaurii
562 2409 672 2462 quoque
693 2411 772 2446 sacro
795 2392 944 2462 quotannis
969 2393 1070 2445 offerre
1085 2391 1218 2444 iubentur

96 2467 247 2548 ti'tdpvm‘p
264 2493 293 2528 τε
309 2464 472 2546 τῇΠολιόᾶι
484 2475 533 2530 καλ
546 2479 584 2549 τῷ
595 2469 717 2547 Ἐρεχθέι·
734 2479 814 2544 V‚82‚
831 2476 878 2529 ubi
892 2476 949 2530 vid.
967 2484 1037 2529 nott.
1063 2477 1179 2529 Factum
1189 2475 1218 2528 id

101 2560 202 2613 entim
217 2561 376 2629 Olympiud.
394 2561 451 2626 Lx,
473 2570 538 2614 ente
552 2562 658 2614 Persici
673 2562 738 2615 belli
754 2570 891 2632 tempore,
915 2562 1017 2631 quibus
1031 2562 1101 2614 hunc
1113 2559 1218 2614 Erech·

102 2640 253 2715 deludere,
264 2637 416 2716 Ἐρεχθῆος
430 2642 551 2701 πυκινὸν
567 2641 655 2715 δόμον
672 2647 883 2701 dixitHomerus
898 2646 1003 2715 Odyss.
1020 2646 1143 2714 vl1,81‚
1163 2645 1218 2699 uni

100 2742 140 2779 tun
152 2731 266 2804 reliquis
282 2748 306 2783 s.
326 2732 432 2802 templis
448 2752 472 2786 s.
489 2733 622 2786 aediliciis
638 2734 710 2785 arcis
723 2732 860 2784 incensum
876 2749 939 2785 esse
958 2732 1001 2785 bic
1015 2731 1075 2802 ipse
1082 2730 1218 2784 Herodoti

97 2809 153 2866 locus
171 2811 357 2883 testatur**).
388 2819 427 2868 Ac
451 2817 475 2869 sl
493 2817 559 2886 quid
575 2825 632 2870 tum
654 2817 788 2888 reliquum
805 2817 872 2887 luit,
895 2818 1002 2887 quode
1023 2815 1137 2869 flammis
1152 2833 1217 2869 con-

95 2905 207 2969 sosptem
218 2919 277 2954 non
294 2907 337 2954 est
353 2933 390 2942 -
407 2909 435 2954 et
450 2902 580 2955 credibile
601 2921 667 2955 sune
683 2910 741 2967 est,
758 2919 812 2955 nou
831 2903 919 2955 omniu
933 2919 1050 2973 prorsus
1066 2900 1218 2968 interiisse,

95 2985 200 3050 quonium
222 2986 347 3039 secundo
369 2993 434 3057 post
451 2987 606 3041 incendium
629 2988 673 3041 die
689 2987 874 3040 Athenienses
898 2987 972 3056 regis
986 2986 1076 3058 ipsius
1093 2986 1171 3041 iussu
1187 2985 1216 3038 in

92 3083 163 3122 urcem
186 3071 339 3124 ascendere
366 3071 512 3139 iubentur,
541 3091 620 3127 sucre
648 3072 748 3126 lecturi
771 3104 813 3113 -—
839 3080 928 3125 temen
956 3072 1100 3142 postmodo
1128 3070 1218 3124 omnin

92 3152 214 3225 amunpte
229 3156 487 3225 suntsltlurdonio,
502 3158 549 3227 qui
565 3158 695 3211 exhttice
710 3157 886 3211 inBoeotiem
904 3157 1062 3226 regreditur
1077 3145 1218 3226 ἐμπρήσας

90 3255 111 3290 τε
125 3233 168 3302 τός
181 3232 314 3312 Ἀθήνας,
330 3240 377 3295 καλ
393 3242 423 3294 εἴ
436 3260 488 3295 κον
502 3261 528 3294 τι
549 3235 639 3312 ὀρθὸν
654 3232 691 3313 ἦν
712 3241 768 3295 τῶν
783 3239 892 3311 τειχέων
909 3233 928 3311 ἢ
943 3245 999 3296 τῶν
1020 3230 1179 3311 οἰκημάτων
1198 3234 1218 3311 ἢ

90 3323 134 3374 τόν
152 3321 230 3398 ἱρῶν,
252 3319 347 3380 πάντα
370 3319 534 3399 καταβαλών
556 3326 604 3381 καὶ
623 3321 780 3398 συγχώσας,
802 3336 833 3380 ut
853 3328 959 3380 Noster
980 3326 1066 3380 tradit
1090 3326 1143 3396 lll,
1170 3328 1217 3381 13:

89 3423 233 3481 quemquem
255 3412 322 3464 baec
344 3413 405 3483 ipse
427 3413 562 3466 Herodoti
589 3415 673 3466 verbe
698 3412 785 3465 minus
812 3413 909 3465 stricte
930 3411 1017 3482 accipi
1041 3410 1102 3464 vult
1125 3411 1218 3464 Leeke

90 3490 283 3567 [Topogrephie
300 3515 327 3550 v.
343 3497 443 3551 htben.
465 3516 528 3567 pag.
544 3501 561 3553 u
579 3498 622 3551 ed.
639 3490 884 3567 Turicens.***)]‚
905 3496 951 3548 cui
972 3513 1067 3567 parum
1087 3495 1218 3550 credibile

90 3606 278 3625 ’ἓξ-.-

143 3675 169 3741 *)
185 3680 279 3730 Verba
296 3680 429 3731 Herodoti
447 3685 524 3729 scint:
544 3671 576 3731 ἒν
588 3678 626 3730 τῶ
641 3671 723 3745 ἐλαίη
736 3694 765 3729 τε
782 3675 831 3729 καὶ
854 3670 988 3729 θάλασσα
1007 3674 1063 3739 ἔνι,
1080 3672 1115 3729 τὰ
1134 3670 1217 3746 λόγος

88 3734 148 3805 παρ’
163 3735 321 3813 Ἀθηναίων
333 3740 516 3799 Ποσειδέωνά
529 3764 558 3799 τε
572 3733 621 3799 καλ
629 3737 793 3812 Ἀθηναίην,
807 3738 958 3811 ἐρίσαντας
972 3744 1038 3810 περὶ
1055 3745 1105 3813 της
1115 3743 1216 3814 γιόρης,

228 3813 1167 3934 thlhlumbmthelhum”teruncium
1193 3880 1216 3934 r

192 3902 252 3933 σθ]
275 3903 284 3934 l
311 3902 325 3934 0
420 3903 435 3933 0
499 3902 505 3932 2

88 3900 213 4015 κατέλόβε
225 3902 429 4018 ἐμπρησθῆναι
442 3942 499 4002 dero
511 3951 567 4001 τῶν
579 3900 740 4018 βόρβόριοόι.
767 3900 856 4016 Atqui
871 3899 966 4001 eodiim
978 3934 1125 4017 pertinent}
1145 3901 1214 4016 quine

88 4020 161 4067 antes
180 4018 307 4085 leguntur
324 4037 385 4085 enp.
403 4021 437 4071 53
451 4021 504 4080 tim,
522 4021 569 4069 ubi
593 4020 705 4069 burbsri
727 4019 941 4070 Atheniensibus
958 4019 1082 4070 omuibus
1106 4020 1164 4084 (qui
1188 4019 1215 4069 in

87 4084 205 4148 templum
231 4090 429 4151 confugerant)
450 4088 605 4139 interfectis
623 4083 660 4138 ed
685 4081 698 4137 i
702 4082 763 4151 ρον
779 4081 951 4153 συλήσαντες
975 4080 989 4139 ὲ
1000 4103 1016 4137 ν
1027 4081 1072 4138 in
1083 4104 1098 4150 ρ
1111 4102 1129 4152 η
1141 4100 1158 4137 o
1169 4103 1188 4137 α
1199 4103 1216 4138 ν

88 4148 172 4201 πᾶσαν
189 4148 243 4222 τὴν
260 4147 429 4221 ἀκρόπολιν,
452 4163 480 4206 et
498 4155 594 4206 eodem
618 4170 699 4207 seusu
716 4157 816 4207 Noster
837 4156 957 4221 loquitur
978 4172 1041 4221 cup.
1058 4155 1092 4205 54
1110 4154 1156 4204 fin.
1180 4155 1213 4205 de

87 4216 167 4270 Xerxe
185 4213 403 4291 ἐμπρήσαντι
419 4216 456 4274 τό
475 4216 561 4290 ἴρόν.

144 4285 196 4351 ²m)
208 4292 282 4342 Idem
293 4294 351 4343 fere
364 4289 552 4343 sentitBeuld:
565 4291 733 4357 L'Acropole
748 4290 947 4358 etc.l.pag.00‚
961 4292 1007 4356 qui
1019 4289 1215 4342 deHerodotco

87 4348 140 4404 loco
151 4357 196 4420 lx,
213 4357 244 4410 13
256 4361 296 4411 sic
307 4362 419 4411 statuit:
437 4360 478 4423 „il
491 4376 525 4410 ne
539 4360 600 4411 snut
613 4360 795 4411 evidemmeut
806 4376 856 4425 pse
874 4359 990 4425 prendre
1003 4358 1020 4408 b
1032 4358 1061 4409 lc
1072 4356 1154 4408 lettre
1166 4373 1214 4410 cce
