2900 5122
210 347 271 409 328
644 338 915 401 HERODOTI

208 545 269 586 του
287 518 348 585 τοῦ
366 509 558 603 δήμουέών
575 508 593 582 ὁ
612 509 792 601 Σωφάνης,
811 515 867 582 καὶ
885 507 1082 601 ἀριστεύσας
1099 508 1173 582 τότε
1188 506 1345 600 Ἀθηναί·

211 646 270 704 ων,
291 613 402 700 διξούς
419 613 540 704 λόγους
559 617 757 704 λεγομένους
776 620 852 703 ἔχει,
870 610 928 683 τὸν
945 614 1019 703 μὲν,
1038 609 1083 694 ώς
1102 617 1137 683 ἐκ
1154 616 1216 685 τοῦ
1233 619 1345 701 ζωστῆ-

211 748 268 808 ρος
293 720 355 788 τοῦ
379 714 534 806 θώρηκος
562 714 680 806 έφόρεε
706 718 828 804 χαλκέη
854 710 952 785 ἁλύσι
985 716 1169 804 δεδεμένην
1203 712 1348 804 ἄγκυραν

211 821 387 909 σιδηρέην,
412 815 491 905 τὴν,
515 814 601 898 ὅκως
623 815 776 888 πελάσειε
799 812 1036 906 ἀπικνεόμενος
1053 833 1139 886 τοῖσι
1156 824 1348 906 πολεμίοισι,

212 924 427 1010 βαλλέσκετο,
452 925 510 988 ἵνα
534 917 575 1007 δή
593 949 651 1008 μιν
668 923 703 988 οἱ
717 921 866 1008 πολέμιοι
886 922 1099 999 ἐκπίπτοντες
1118 920 1154 987 ἐκ
1171 922 1230 1006 τῆς
1247 917 1350 1002 τάξιος

212 1025 426 1112 μετακινῆσαι
449 1017 494 1110 μὴ
519 1026 693 1091 δυναίατο·
728 1023 905 1109 γινομένης
924 1021 961 1089 δὲ
978 1023 1089 1109 φνγης
1106 1023 1174 1090 τών
1192 1022 1351 1091 ἐναντίων

215 1127 368 1207 δέδοκτο,
391 1120 452 1210 τὴν
475 1120 626 1210 ἄγκυραν
647 1116 858 1208 ἆναλαβόντα
881 1117 969 1191 οὕτω
995 1119 1137 1192 διώκειν.
1172 1110 1273 1202 οὗτος
1296 1122 1352 1211 μὶν

213 1221 301 1294 οὕτω
326 1227 464 1312 λέγεται.
498 1219 518 1293 ὁ
543 1219 575 1293 δ’
596 1226 706 1313 ἕτερος
723 1227 792 1294 τών
810 1221 937 1312 λόγων,
960 1226 1008 1315 τῷ
1024 1220 1186 1312 πρότερον
1203 1226 1353 1312 λεχθέντι

214 1322 469 1414 ἀμφισβατέων,
494 1326 640 1412 λέγεται,
666 1320 710 1406 dg
735 1320 787 1394 ἐπ’
807 1321 947 1405 ἀσπίδος
969 1326 1036 1394 aiei
1054 1322 1279 1412 περιθεούσης
1304 1328 1354 1394 καὶ

214 1422 346 1516 οὐδαμοὶ
366 1421 601 1517 ἀτρεμιζούσης
626 1424 743 1515 έφόρεε
769 1429 929 1515 ἐπίσημον
951 1423 1119 1515 ἄγκυραν,
1149 1428 1205 1495 καὶ
1234 1420 1300 1495 οὐκ
1322 1429 1355 1495 ἐκ

169 1541 209 1601 75
216 1532 277 1599 τοῦ
293 1525 448 1619 θώρηκος
467 1531 651 1617 δεδεμένην
668 1531 836 1617 σιδηρέην.
863 1524 955 1599 Ἔστι
973 1527 1011 1597 δέ
1028 1529 1083 1597 καὶ
1102 1530 1217 1616 ἕτερον
1235 1525 1355 1616 Σωφέ·

215 1649 269 1699 νει·
291 1626 444 1719 λαμπρὸν
468 1635 568 1720 ἔργον
592 1631 845 1720 ἐξεργασμένον,
869 1625 936 1718 ὅτι,
960 1630 1233 1719 περικατημένων
1253 1624 1356 1717 Ἀδη

216 1862 368 1913 modiorum
381 1863 639 1921 intaetaremanait.
654 1863 681 1912 id
692 1863 762 1927 quod
813 1855 864 1912 τὸν
881 1853 1073 1919 ἐσπίπτοντες.
1102 1861 1149 1912 Sic
1167 1876 1253 1927 supra
1267 1862 1316 1923 ΙΧ,
1328 1861 1356 1911 tt

216 1929 297 1982 valde
320 1929 465 1987 addubito,
489 1945 544 1980 nen
565 1930 606 1980 iili
626 1930 763 1981 Herodoti
813 1929 1013 1981 Aristodemum
1036 1929 1105 1979 dicit
1132 1920 1290 1980 ἐκλιπόντα
1311 1924 1359 1995 την

218 2013 321 2048 caueae
329 1996 513 2059 fidemhabeo,
526 1998 573 2048 sed
582 1999 608 2047 id
617 2004 764 2063 propterea
815 1991 908 2060 τάξιν,
945 1996 1070 2048 raeclara
1083 1997 1210 2048 facinora
1225 1998 1356 2047 exhibitu·

218 2066 322 2116 iactum
346 2080 407 2114 esee
430 2070 508 2130 puto,
535 2066 605 2129 quod
622 2065 764 2115 Lacedae·
815 2081 883 2116 rum.
938 2065 991 2116 nde
1009 2064 1080 2115 haee
1099 2064 1157 2115 fere
1175 2065 1232 2115 loci
1250 2072 1357 2116 senten·

217 2133 304 2183 monii
328 2132 423 2195 aliqua
440 2138 469 2182 et
490 2133 606 2196 originis
625 2139 653 2181 et
669 2148 765 2183 eaoro-
815 2135 869 2183 tia:
882 2139 909 2182 ut
918 2149 980 2183 rane
989 2134 1084 2196 hortea,
1096 2148 1166 2183 τινα
1177 2135 1235 2183 acie
1248 2135 1359 2198 ι’κίμτιιι

218 2216 276 2251 rum
287 2200 481 2249 communitate
492 2201 631 2250 coniuncti
642 2201 763 2250 cumDe·
815 2206 955 2259 irruenter,
969 2202 1358 2265 iparmemacieeuaaeiem.
1436 2254 1437 2259 ,

219 2267 515 2319 celeenaibuseraut.“
815 2285 886 2336 quem
911 2271 938 2318 in
955 2270 1010 2319 acie
1026 2267 1165 2327 obtineret,
1192 2284 1296 2319 meme
1313 2285 1359 2319 ιιοιι
1436 2262 1437 2273 ’

848 2343 926 2391 arent.
938 2362 974 2373 —
990 2336 1043 2385 Pro
1057 2329 1177 2386 δέδοκτο
1191 2351 1205 2385 e
1219 2335 1359 2388 Saneroiti
1437 2370 1438 2377 ι

321 2492 326 2497 -
387 2435 454 2487 νε·
473 2437 594 2488 ενα·
669 2466 676 2479 ·
815 2405 886 2523 du
904 2403 1078 2533 tritt?
1091 2404 1361 2522 „tritum

254 2530 354 2601 διξοδς
376 2532 489 2604 λόγους]
514 2539 555 2588 De
578 2539 674 2588 Ionica
695 2554 764 2588 voce
816 2556 879 2591 raro
897 2539 1141 2605 reduplicationem
1159 2538 1307 2605 negligere
1320 2556 1360 2589 ao·
1439 2538 1440 2557 ¹

220 2600 299 2668 διξὸς
316 2608 372 2658 vid.
387 2612 456 2657 nott.
475 2606 510 2655 ad
528 2607 573 2668 lv,
592 2606 638 2656 192
657 2611 685 2656 et
702 2606 763 2667 vll,
815 2607 867 2657 iet:
886 2607 941 2657 vid.
955 2611 1024 2658 nott
1037 2606 1073 2656 ad
1085 2607 1118 2669 V,
1131 2605 1173 2657 34.
1193 2632 1225 2640 -
1241 2607 1285 2657 Ad
1303 2622 1360 2658 rer

159 2713 163 2723 .
220 2674 264 2734 703
288 2676 321 2724 de
341 2690 409 2724 voce
428 2674 566 2738 ζωστῆρος
588 2672 661 2738 (qua
678 2674 764 2736 cinqu-
815 2675 880 2726 bum
902 2663 1107 2739 ἀμφισβατέων
1127 2672 1165 2737 (i.
1184 2689 1208 2724 e.
1231 2677 1361 2727 contradi

221 2747 267 2792 ium
280 2738 467 2821 significatur)
481 2742 553 2791 coni.
564 2738 764 2799 utrumme.
816 2758 888 2804 cena,
906 2747 1052 2793 contrarius
1066 2740 1123 2808 illi)
1145 2741 1219 2791 euni.
1240 2746 1310 2792 nott
1329 2741 1361 2791 ad

219 2811 279 2859 Vox
291 2809 390 2865 αλνσις
402 2815 516 2857 catenam
528 2807 666 2869 declarat,
681 2808 765 2858 obvia
818 2811 865 2872 IV,
882 2809 921 2860 tt.
945 2810 1045 2859 Suidaa
1057 2825 1078 2859 a.
1091 2825 1117 2859 v.
1133 2810 1153 2858 Ι.
1172 2824 1199 2874 p.
1216 2808 1275 2859 154.
1295 2810 1361 2859 Din-

221 2891 328 2941 qnoque
354 2876 427 2940 apud
451 2875 639 2939 Thucydidem
663 2877 703 2927 ΙΙ.
722 2874 764 2925 76.
818 2877 889 2928 dorf.
904 2876 1362 2928 incommentdeHerodotiDia·

220 2944 314 2993 Verba
332 2936 384 3007 τὴν
400 2936 610 3005 -βαλλέσκετο
628 2943 765 3007 Schweig·
817 2946 882 2996 leet.
891 2960 960 3025 μορ.
972 2942 1095 2994 XXXIV.

220 3011 371 3061 haeuaerur
384 3011 413 3058 in
426 3010 519 3058 Lexic.
531 3010 633 3059 Herod.
647 3010 668 3060 1.
681 3008 767 3076 p.118
852 3004 888 3063 έπ
916 3004 1039 3070 α’σπίδος
1056 3005 1116 3062 αέελ
1139 3038 1170 3047 -
1194 3002 1362 3077 damitri-
1411 3033 1416 3043 ·

221 3082 297 3129 reete
315 3077 525 3141 interpretatur:
556 3093 652 3142 „quam
669 3075 766 3139 (αησο-
818 3076 880 3145 της]
897 3079 915 3130 ἰ.
937 3095 960 3131 e.
978 3082 1004 3130 in
1021 3082 1115 3144 clipeo,
1135 3081 1178 3146 qui
1193 3082 1363 3145 semperdia·

223 3144 375 3205 ramerii,
399 3159 479 3209 quam
502 3161 516 3193 e
538 3144 642 3194 loricae
656 3144 766 3211 cingulo
817 3149 937 3200 currebat
961 3164 1007 3198 uec
1034 3164 1141 3214 αιιριιαιιι
1169 3150 1270 3213 quieter
1297 3155 1361 3203 erat.

222 3214 312 3269 aened
335 3213 435 3261 entend
450 3211 597 3278 religatam
617 3210 766 3278 gestabat)
818 3232 898 3281 quem
910 3231 1021 3282 aemper
1032 3217 1061 3265 in
1073 3231 1140 3281 gyro
1157 3214 1361 3281 agebatneque

222 3284 247 3331 ιἰι
266 3287 363 3330 terram
384 3281 495 3344 defluere
513 3283 601 3330 autitna
621 3287 687 3330 erat.
723 3282 765 3330 De
817 3298 936 3348 unquam
950 3283 1061 3333 sinebat
1074 3283 1204 3348 quietum.
1222 3282 1267 3333 De
1280 3283 1362 3333 verbo

221 3343 765 3481 tnterttztt‘uqtttttr
817 3341 1057 3482 truttam
1072 3349 1362 3482 tttmffttt

222 3484 350 3534 ficatione
363 3485 477 3534 iterandi
491 3483 534 3533 hie
547 3484 643 3534 formis
655 3484 767 3549 propria
817 3487 906 3536 vimus
920 3485 956 3536 ad
968 3486 1043 3544 v111,
1056 3483 1098 3535 88.
1113 3474 1281 3551 Weaaeling.
1295 3501 1363 3537 οσιιι-

222 3558 326 3609 monet,
354 3551 512 3601 Buttmann.
531 3551 577 3601 Gr.
599 3552 644 3601 Gr.
662 3551 726 3601 mai.
744 3552 766 3601 Ι.
818 3558 969 3619 paraverat
980 3553 1054 3603 Plut.
1068 3554 1103 3603 Il.
1117 3551 1251 3618 putto.

222 3618 364 3750 paduam
382 3702 432 3751 μιν
450 3678 480 3735 οί
498 3681 628 3752 πολέμιοι
646 3682 765 3752 mi]
993 3720 1014 3771 c
1079 3721 1180 3771 LXXV

223 3745 767 3820 Schweighaeuseruaverbaiarn'crd·
1017 3736 1060 3771 ΔΡ·

224 3818 283 3882 ξισς
302 3835 362 3870 eum
381 3822 559 3871 antecedenti
582 3813 767 3880 ἐκπίπτοντες
852 3812 1128 3888 περικατημένωνἍ
1175 3821 1269 3873 ναίων
1288 3821 1361 3887 Atye·

224 3888 373 3939 cohaerere
391 3889 464 3948 vult,
484 3889 665 3952 quaeeadem
683 3891 766 3940 etiam
819 3889 889 3958 ναν]
917 3892 1043 3941 Pertinet
1063 3891 1116 3941 hoc
1137 3905 1154 3940 a
1194 3889 1272 3942 bella
1292 3891 1363 3941 inter

224 3956 259 4005 ad
294 3955 405 4031 vernum
443 3955 629 4021 μετακινῆσαι
665 3956 768 4007 intelli·
819 3960 1003 4009 Athenienses
1014 3958 1202 4023 etdeginetaa
1211 3962 1361 4024 geataante

224 4022 314 4087 genda
336 4038 395 4072 απο
418 4023 517 4074 κοινοῦ
535 4025 626 4089 posita
645 4040 705 4075 ease
728 4026 767 4074 vi·
819 4025 921 4076 bellum
940 4026 1095 4087 Persicum,
1121 4041 1173 4090 quo
1196 4026 1360 4083 imminente,

225 4091 331 4139 dentur.
361 4091 422 4140 Ηοο
434 4107 499 4141 vero
513 4093 600 4157 ipsum
618 4083 767 4142 ἐκπίπτον·
819 4099 849 4142 ut
861 4098 980 4143 testatur
992 4088 1149 4143 Heroddtua
1161 4094 1222 4151 VII,
1240 4093 1300 4153 145,
1312 4093 1361 4143 ini·

224 4148 769 4225 τεςέκτῆςτάξιοςὶδεωναὶειεριιειιί
819 4161 940 4211 micitiaa
970 4161 1171 4226 deposuerunt,
1203 4161 1238 4212 de
1268 4160 1363 4226 quibu

225 4234 307 4291 atque
320 4223 556 4289 προεξαΐσσοντες
566 4227 661 4289 mitt,
675 4227 766 4306 simu}-
818 4229 886 4294 ipsis
903 4228 965 4293 vid.n
977 4229 1009 4289 V,
1022 4226 1056 4277 82
1073 4244 1150 4294 seqq.
1173 4228 1220 4293 Vl,
1238 4227 1274 4280 49
1289 4244 1361 4293 seqq-

224 4310 277 4359 que
294 4300 386 4345 mente
405 4296 468 4345 addi
486 4310 579 4360 porse:
603 4292 653 4346 καλ
671 4287 699 4354 ἐς
716 4310 768 4346 αν·
819 4296 862 4348 73.
875 4294 909 4346 85
921 4311 979 4361 aeq.
991 4295 1033 4347 92.
