2866 5134
306 372 364 432 DE
389 372 492 432 VITA
513 373 571 431 ΕΤ
590 370 783 433 SORIP'FIS
806 373 1041 434 HERODOTI.
1183 384 1244 445 487

99 545 165 598 olim
178 544 233 598 suit
246 543 444 614 archiepiscopi
459 543 675 612 Cantuarensis,
693 561 767 597 nunc
782 544 977 614 cantabrigiae
992 554 1137 616 servatus,
1164 552 1243 604 caius

97 630 273 684 collationem
288 628 353 681 Ant.
364 628 475 682 Aslrew.
490 645 570 682 manu
586 631 683 682 factam
697 637 841 700 acceperat
854 631 1074 701 Wesselingius,
1093 634 1185 688 addito
1198 656 1243 689 co-

96 715 213 769 rollario
229 713 364 783 exipsius
379 712 491 767 Askew.
504 715 608 767 Codice
623 715 765 769 chartaceo
778 732 911 770 annorum
925 715 1148 788 quingentorum,
1167 723 1240 791 „pri-

95 819 176 854 more
193 799 302 870 quidem
317 798 416 852 Musae
431 800 531 870 primae
547 804 625 869 parte
639 818 733 854 manco
752 800 801 853 sed
815 801 928 870 perutili
936 806 965 870 ,“
990 809 1021 855 ut
1036 803 1075 855 ait
1090 805 1241 859 Wesaelin-

95 887 180 956 gius,
203 883 251 954 qui
271 883 354 936 buius
374 883 437 936 libri
453 883 585 938 lectiones
601 887 710 941 Aslcawii
723 885 789 958 (K.)
805 884 920 939 alterius
935 887 1042 941 nomine
1057 892 1168 944 Archiae
1183 892 1242 962 (S.)

94 969 233 1026 enotavit.
271 967 362 1038 Atque
380 969 452 1021 hunc
462 969 579 1023 Archiae
594 989 618 1023 s.
633 971 772 1023 Sancroiti
786 970 883 1023 librum
900 972 997 1024 iterum
1012 982 1109 1042 postea
1126 975 1242 1044 diligen-

93 1055 206 1109 tissime
225 1057 254 1107 et
275 1053 481 1107 accuratissime
501 1054 618 1107 contulit
632 1054 775 1108 Gaislord.
812 1055 900 1123 „inde
916 1058 1016 1110 lactum
1033 1065 1091 1128 est,
1116 1060 1156 1111 ait
1172 1061 1242 1114 idem

93 1138 244 1194 Gaislord.
255 1137 377 1191 Praelat.
391 1157 418 1208 p.
429 1137 541 1192 XXXVI
558 1139 600 1192 ed.
612 1141 709 1210 Lipa,
725 1147 756 1192 ut
770 1157 825 1193 non
841 1142 919 1194 modo
932 1149 1022 1194 erratu
1037 1144 1168 1215 quaedam
1182 1164 1241 1198 cor-

94 1225 209 1295 rigere,
232 1223 281 1278 sed
298 1230 328 1276 ut
342 1223 475 1277 lectiones
490 1223 562 1277 baud
576 1242 677 1294 paucas
692 1226 824 1278 hactenus
840 1227 955 1280 omissas
971 1245 1030 1281 curn
1046 1229 1156 1298 publico
1171 1248 1242 1283 com-

96 1310 240 1364 municare
254 1309 400 1380 potuerim.
439 1308 524 1362 Plura
540 1309 574 1362 de
589 1311 639 1363 hoc
657 1310 750 1363 codice
766 1310 921 1364 edisserere
936 1312 1002 1365 nihil
1018 1314 1127 1368 attinet.
1163 1316 1242 1369 Licet

95 1396 173 1449 enim
181 1393 315 1465 permulta
329 1411 403 1447 nunc
414 1394 589 1464 protulerim,
607 1412 722 1464 quoram
734 1395 836 1448 indicio
850 1396 910 1448 eius
919 1396 1027 1450 indoles
1042 1399 1146 1452 certius
1161 1418 1241 1471 quam

94 1488 183 1534 antea
195 1480 367 1545 innotescat,
390 1479 460 1533 satis
471 1486 561 1532 tamen
580 1486 702 1533 correcte
716 1481 750 1533 de
767 1481 827 1533 eius
842 1483 1012 1550 praestantia
1025 1483 1163 1538 iudicasse
1177 1486 1241 1538 mihi

96 1565 231 1619 ridentur
244 1563 297 1617 viri
311 1564 421 1618 eruditi.
459 1564 550 1635 Atque
564 1564 646 1617 istius
662 1565 770 1635 quidem
783 1565 884 1617 codicis
901 1584 953 1636 ope
969 1583 1022 1619 una
1038 1586 1098 1621 cum
1114 1569 1241 1623 lectioni.

93 1653 152 1704 bns
174 1648 288 1702 aliorum
308 1649 430 1702 codicum
450 1648 515 1719 plus
537 1651 662 1702 minusve
688 1649 834 1719 diligenter
853 1651 990 1720 excerptis
1012 1654 1097 1706 verba
1118 1657 1239 1708 auctoris

94 1736 193 1805 aliqua
207 1733 300 1787 saltem
324 1752 357 1786 ex
377 1738 456 1805 parta
475 1735 508 1787 ad
527 1735 660 1788 veriorem
676 1735 840 1805 scripturam
859 1753 990 1789 revocare
1011 1744 1127 1791 conatus
1148 1744 1238 1800 sumf‘

95 1821 171 1872 Cum
182 1819 307 1872 Mediceo
322 1819 417 1872 codice
434 1818 576 1889 alteroque
591 1819 752 1873 Florentino
768 1820 837 1873 libro
854 1820 926 1872 baud
941 1839 1004 1874 raro
1020 1824 1162 1893 conspirat
1176 1843 1239 1894 pro·

93 1907 205 1976 basque
227 1904 359 1957 lectiones
382 1905 480 1972 affert3
508 1922 558 1957 nec
578 1912 665 1957 tamen
689 1905 908 1975 antiquissimum
931 1914 959 1958 et
980 1908 1107 1977 optimum
1126 1909 1239 1962 dixerim

94 1990 233 2056 codicem,
256 1996 287 2041 ut
308 1989 398 2058 placet
417 1989 477 2041 viro
501 1989 581 2042 docto
602 1990 631 2042 in
653 1989 844 2060 premeridd.
867 1990 993 2044 lenense.
1018 1996 1092 2046 1817.
1118 2013 1160 2046 nr.
1179 1998 1238 2048 162.

92 2095 122 2147 p.
138 2077 208 2131 353:
231 2090 321 2142 neque
337 2074 452 2128 eundem
468 2075 565 2127 librum
580 2092 667 2145 aeque
681 2092 712 2126 ac
727 2075 967 2130 vindobonensem
989 2078 1033 2145 „si
1051 2078 1141 2131 minus
1160 2080 1238 2133 cbar-

92 2170 188 2214 tarum
204 2160 400 2229 literarumque
422 2164 562 2213 vetustate
585 2168 616 2212 at
637 2160 782 2212 lectionum
803 2160 915 2213 mirifica
935 2179 1019 2230 saepe
1034 2163 1158 2217 bonitate
1174 2165 1238 2217 reli-

91 2263 167 2316 quos
188 2243 371 2297 antecedere“
394 2245 573 2298 indicaverim
592 2262 652 2297 cum
669 2244 775 2298 Steinio
796 2245 823 2297 in
840 2245 963 2298 Vindicc.
980 2246 1103 2301 Herodd.
1120 2249 1237 2320 Specim.

91 2348 158 2401 pag.
176 2335 202 2382 2.
248 2328 373 2399 Namque
392 2330 532 2383 Sancroiti
550 2328 620 2382 liber
645 2347 695 2381 nec
714 2330 976 2400 interpolationibus
994 2349 1099 2385 vacuus
1124 2342 1168 2386 est
1188 2353 1239 2387 nec

91 2414 202 2469 mendis
219 2413 348 2484 vitiisque
365 2421 441 2467 caret
457 2432 508 2468 nec
527 2431 589 2467 raro
606 2415 688 2467 offert
705 2414 815 2467 Ionicae
831 2414 940 2468 dialecti
954 2417 1056 2468 formas
1073 2418 1107 2470 ad
1122 2437 1237 2473 commia-

93 2518 155 2554 nem
171 2516 324 2553 sermonem
341 2499 463 2553 deflexae
480 2499 589 2569 aliaque
603 2499 731 2569 praebet,
746 2517 817 2570 qaae
833 2499 915 2568 longe
926 2500 1086 2554 interiorem
1098 2503 1237 2557 Sancrotti

95 2586 193 2638 librum
209 2584 362 2637 habendam
376 2602 454 2653 esse,
472 2585 496 2638 si
509 2602 568 2637 cum
580 2584 705 2638 Mediceo
720 2593 768 2636 aut
779 2584 941 2638 Florentino
953 2595 1140 2657 comparetur,
1160 2590 1237 2642 evin·

98 2678 170 2724 cant.
208 2669 251 2722 Ad
262 2669 483 2724 Sanctoltianum
502 2668 601 2724 librum
617 2669 737 2738 proxime
751 2670 870 2750 accedit,
897 2671 945 2739 qai
960 2671 1055 2724 iisdem
1077 2673 1134 2726 lere
1150 2673 1237 2726 inter-

95 2755 283 2827 polationibus
301 2754 460 2826 mendisque
478 2756 599 2821 laborat,
621 2755 826 2809 Vindobonenais
842 2754 902 2825 (V.)
925 2756 1033 2824 quidam
1050 2758 1133 2825 liber,
1157 2759 1236 2811 cuius

93 2842 228 2896 lectiones
241 2856 300 2892 cam
312 2840 498 2909 Wesaelingio
515 2841 594 2894 luere
606 2840 825 2907 communicatae,
843 2840 891 2909 qui
901 2840 974 2892 baud
988 2843 1046 2895 scio
1058 2862 1091 2895 an
1108 2844 1142 2896 ad
1156 2860 1236 2896 unam
1317 2844 1320 2850 '

92 2926 264 2995 eandemque
283 2924 411 2978 familiam
431 2926 531 2978 referri
550 2926 664 2992 debeat3
692 2925 739 2978 ubi
761 2925 830 2977 enim
855 2942 871 2975 a
892 2924 1033 2995 Mediceo,
1062 2928 1235 2995 Florentino,

90 3012 154 3065 aliis
171 3009 292 3064 discedit
308 3009 449 3065 Sancrofti
466 3009 551 3077 liber,
576 3027 636 3063 cum
650 3010 858 3063 Vindobonensi
875 3010 945 3062 libro
961 3012 1111 3082 conspirat.
1150 3012 1236 3066 Hicce

89 3097 162 3150 liber
186 3111 359 3165 papyraceus
384 3094 495 3148 saeculo
517 3094 580 3148 XIV
600 3095 738 3165 scriptus,
761 3095 789 3146 in
807 3094 979 3147 Bibliotheca
994 3097 1132 3150 Caesarea
1149 3097 1235 3150 Vien-

88 3182 174 3235 nensi
189 3188 366 3248 saserratus,
384 3182 411 3233 in
429 3197 508 3250 quam
525 3197 580 3233 una
596 3197 658 3233 cum
673 3178 764 3232 multis
780 3180 841 3232 aliis
857 3180 998 3233 codicibus
1014 3182 1081 3234 card
1096 3182 1234 3250 sambuci,

86 3267 139 3338 qui
154 3271 288 3337 quattuor
302 3265 410 3317 ducatis
426 3266 505 3330 emit,
527 3264 621 3318 illatus
637 3272 695 3331 est,
720 3280 793 3317 nunc
808 3265 936 3332 signatus
952 3284 993 3318 nr⁴
1011 3266 1112 3318 Lxxu
1122 3264 1165 3334 ¹⁸),
1188 3267 1235 3319 ad-

86 3351 199 3406 modum
222 3350 387 3403 recentioris
410 3358 454 3403 est
469 3350 583 3418 aetatis,
608 3349 690 3417 longe
706 3350 822 3401 interior
837 3350 977 3402 Sancrofti
998 3350 1083 3414 libro,
1108 3349 1234 3421 aliisque,

86 3454 164 3509 qnos
181 3435 385 3502 recensuimus,
403 3435 554 3502 codicibus,
571 3453 621 3488 nec
631 3433 741 3487 multum
756 3434 865 3486 tructus
878 3433 943 3487 inde
955 3435 988 3487 ad
1001 3437 1085 3488 verba
1099 3436 1235 3488 Herodoti

86 3520 262 3576 emendanda
276 3520 493 3573 redundaturum
508 3537 568 3573 mox
579 3519 716 3587 intellexi,
732 3535 792 3571 cnm
807 3519 925 3571 codicem
941 3519 1029 3589 ipsum
1041 3520 1232 3589 inspexissem.

85 3608 256 3671 Quaerere
274 3606 349 3658 hisce
366 3606 507 3658 codicibus
525 3606 673 3659 communia
695 3604 870 3674 reperiuntur
886 3603 996 3673 menda,
1019 3623 1051 3658 ea
1067 3605 1233 3674 reliquorum

86 3691 215 3745 codicum
236 3690 326 3743 adbuc
346 3691 517 3759 cognitorum
537 3709 588 3760 ope
605 3690 664 3742 tolli
680 3694 838 3757 nequeunt,
861 3706 921 3741 cum
944 3689 977 3740 ad
1000 3690 1094 3760 priora
1110 3699 1232 3759 tempora

85 3777 235 3846 librosque
258 3775 412 3844 primitivos
436 3776 603 3845 pertineant.
636 3775 675 3827 Et
695 3774 765 3825 hanc
786 3774 820 3824 ob
837 3790 947 3827 causam
963 3773 1023 3826 Vol.
1043 3774 1066 3830 I.
1084 3793 1112 3844 p.
1132 3778 1183 3830 795
1199 3777 1233 3829 ad

85 3863 133 3929 ll,
154 3859 353 3926 insumerem,
370 3860 458 3913 videri
475 3860 649 3913 Herodoteos
663 3858 772 3911 codices
787 3857 877 3910 adbuc
890 3859 1058 3927 superstites
1073 3878 1106 3912 ex
1123 3878 1177 3912 una
1192 3863 1232 3912 fa-

84 3947 162 4000 milia
179 3944 329 3997 oriundos:
352 3945 406 3997 nisi
424 3945 505 3998 baius
528 3945 645 3997 familiae
660 3947 727 3997 duas
750 3942 817 3995 velis
834 3944 936 4013 stirpes
954 3945 1138 4011 constituere,
1165 3963 1233 4015 qua-

86 4049 149 4086 rum
170 4029 257 4083 altera
272 4029 424 4083 Mediceum
448 4048 479 4082 ac
503 4029 707 4096 Florentinum,
730 4027 819 4081 altera
836 4029 1057 4082 Sancroltianam
1082 4037 1110 4082 et
1129 4030 1232 4082 Vindo-

85 4120 240 4170 bonensem
253 4114 352 4168 librum
368 4116 592 4186 comprehendat:
612 4130 772 4184 quamquam
784 4113 903 4167 Medicei
916 4122 944 4167 et
953 4114 1108 4167 Florentini
1120 4115 1147 4167 in
1160 4115 1231 4167 haud

156 4329 186 4395 ⁸)
205 4331 266 4381 vid.
279 4330 384 4381 Kolias.
403 4331 495 4398 Sappl.
515 4330 550 4381 ad
562 4330 707 4381 Lambecii
721 4329 885 4382 Commeutt.
904 4329 938 4380 de
952 4330 1021 4395 Aug.
1038 4329 1106 4380 bibl.
1125 4344 1230 4381 caesar.

86 4401 153 4453 Lib.
167 4400 192 4452 1.
205 4398 336 4465 (Vindob.
351 4396 425 4450 1790.
445 4397 507 4464 sol.)
519 4416 545 4465 p.
559 4397 618 4449 462.
