2866 5134
285 423 344 482 DB
363 423 469 482 VITA
490 423 548 481 ΕΤ
570 421 762 483 SCRIPTIS
785 416 1011 483 HERODOTI
1158 427 1218 489 483

89 593 203 647 trahunt.
238 592 374 646 Dictionis
390 610 457 647 sane
471 600 552 646 tenor
569 594 686 647 ethlom
704 593 892 665 vocabulaque
907 594 1045 664 complura
1060 595 1219 648 Herodotea

89 696 138 731 non
151 685 224 731 sunt.
257 678 344 731 Abest
354 678 468 733 Ionismi
482 686 616 750 perpetua
630 679 770 747 suavitas,
785 698 836 732 nec
850 680 884 732 de
895 680 954 732 sola
966 680 1117 733 scribarum
1129 680 1216 751 culpa,

88 763 156 835 qaod
169 762 318 832 Berglerus
341 764 369 815 in
393 765 563 833 praefatione
585 764 620 816 ad
633 764 744 818 Homeri
762 764 916 832 Odysseam
937 766 1008 818 bene
1025 765 1119 818 docuit
1134 774 1218 836 atque

87 848 214 901 Herodoti
229 848 372 901 studiosos
387 850 484 917 lugere
500 867 555 902 non
570 856 671 919 potest.
710 849 819 902 Adsunt
840 850 983 921 opiniones
1003 860 1146 920 praeterea
1161 851 1216 904 He-

87 933 201 986 rodoteis
220 931 301 986 valde
322 941 488 1003 pugnantes.
530 934 568 986 Et
590 934 654 1004 quis
677 942 812 1002 veterum,
838 934 958 1005 qualium
980 935 1013 988 de
1027 936 1140 988 Homeri
1162 936 1216 989 ori-

86 1018 159 1087 gine,
173 1018 275 1088 patria,
291 1019 356 1071 fatis
371 1018 593 1090 carminibusque
605 1020 867 1074 commemorantium
882 1037 978 1089 magna
995 1020 1090 1090 utique
1105 1039 1216 1089 corona,

86 1103 220 1156 Herodoto
241 1104 553 1173 contribuitvunquami
600 1105 665 1157 Nou
688 1106 798 1172 nescio,
824 1104 1040 1159 sollertissimum
1062 1106 1217 1158 Fabricium

87 1188 112 1240 in
132 1188 244 1242 medium
266 1188 416 1241 collocasse
431 1189 578 1243 Tatianum
593 1191 672 1242 Orat.
689 1190 723 1242 ad
739 1190 863 1243 Graecos
886 1208 909 1243 c.
929 1192 963 1244 48
982 1190 1134 1243 tradentem
1154 1188 1217 1260 napi

85 1274 129 1342 τῆς
142 1268 278 1344 ποιήσεως
292 1275 342 1328 τοῦ
357 1268 495 1344 Ὁμήρου,
510 1270 606 1342 γένους
621 1293 650 1329 τε
665 1268 753 1329 αὐτοῦ
766 1274 815 1328 καὶ
830 1269 946 1347 χρόνον,
966 1269 1043 1330 καθ’·
1053 1266 1087 1328 ὃν
1101 1270 1216 1346 ἤκμασε,

85 1357 175 1411 sedulo
188 1359 364 1427 Theagenem
377 1359 546 1427 Rheginum,
567 1360 775 1413 Stesimbrotum
790 1360 936 1428 Thasium,
957 1360 1143 1414 Antimachum
1162 1362 1216 1413 Co·

85 1442 232 1512 lophoniuru
253 1444 479 1514 Herodotumque
498 1443 769 1498 Halicarnassensem
791 1445 986 1513 investigasse.
1024 1447 1060 1497 At
1080 1446 1146 1515 quid
1161 1446 1216 1498 Ta-

84 1528 169 1581 tiauus
185 1534 283 1582 contra
296 1536 349 1582 tam
364 1530 490 1599 pertinax
502 1530 655 1599 priscorum
670 1536 698 1582 et
711 1529 866 1600 aequalium
880 1531 1045 1599 scriptorum
1056 1530 1216 1584 silentium?

84 1612 159 1665 Immo
178 1615 265 1667 verba
286 1615 364 1682 eius,
387 1614 435 1667 ubi
455 1614 577 1684 penitius
598 1615 770 1685 inspexeris,
794 1615 978 1669 tautummodo
1003 1615 1164 1687 requirnnt,
1187 1622 1218 1668 ut

84 1697 236 1752 Herodon
255 1700 289 1751 de
303 1700 415 1753 Homeri
434 1706 524 1751 aetate
539 1708 568 1752 et
582 1708 717 1770 tempore,
740 1717 794 1769 quo
808 1701 925 1768 vixerit,
945 1705 1141 1753 commentatus
1157 1702 1216 1753 sue-

85 1783 129 1849 rit,
152 1784 226 1852 quod
242 1800 302 1837 eum
323 1785 352 1837 in
368 1785 492 1853 Euterpe
513 1802 537 1837 c.
556 1783 629 1854 w)
652 1784 748 1838 sedulo
771 1785 913 1838 factitasse
930 1786 1064 1838 novimus.
1098 1785 1216 1853 Primus,

85 1866 133 1920 nisi
153 1869 251 1936 fallor,
273 1869 362 1921 Vitam
375 1870 487 1922 Homeri
505 1870 594 1922 obiter
606 1869 749 1923 Herodoto
770 1870 897 1922 attribuit
910 1870 1068 1939 Stephanus
1082 1870 1215 1938 Byzanti-

85 1950 197 2022 nus**),
221 1961 279 2007 tum
302 1948 490 2021 Suidas***)‚
522 1953 740 2028 Euatathirns†),
767 1955 900 2023 Taetzes,
928 1972 1021 2008 omnes
1047 1953 1127 2007 nimis
1149 1956 1216 2009 seri.

84 2036 217 2106 Laudant,
242 2040 347 2106 fateor,
368 2056 481 2092 suavem
497 2038 602 2092 exordii
623 2039 706 2092 huius
721 2039 980 2110 simplicitatem††)
997 2045 1025 2093 et
1039 2057 1099 2092 cum
1111 2039 1217 2092 Clionis

84 2122 209 2194 principio
226 2123 400 2177 contendunt
413 2124 463 2177 eal.
485 2124 630 2178 Fabricius
646 2123 839 2195 aaseclaeque:
861 2125 911 2177 sed
927 2124 1071 2177 aemulatio
1084 2143 1158 2178 mera
1174 2133 1217 2178 est

86 2223 166 2278 neque
181 2210 308 2279 perfecta
321 2218 429 2276 tamen3
449 2209 626 2277 Herodotus,
640 2211 711 2262 bene
725 2210 778 2263 viri
795 2228 894 2263 morem
909 2211 933 2263 si
948 2218 1045 2277 teneo,
1064 2204 1130 2264 τάδε
1145 2203 1217 2279 ἄτη-

85 2286 193 2363 γήσοιτο,
214 2287 364 2362 ἱστορήσας
377 2288 536 2359 &aristobolo
554 2329 590 2337 —
607 2312 687 2364 quem
703 2301 732 2348 et
745 2295 825 2348 Vitae
840 2303 936 2349 auctor
952 2294 1017 2347 alibi
1035 2294 1216 2365 amplectitur,

86 2378 223 2432 ualuisset.
260 2379 314 2430 Ubi
331 2396 394 2431 vero
411 2379 438 2431 in
451 2379 542 2431 Musis
554 2372 588 2432 οὐ
598 2373 787 2451 πολύφορτος,
803 2383 880 2434 horno
886 2387 1018 2450 smtunoe
1028 2399 1083 2433 κοκ
1095 2383 1218 2452 amplae?

87 2459 185 2517 hlemini
204 2457 384 2533 πολύφορτον
404 2467 490 2518 multu
513 2466 619 2519 sarcina
641 2484 769 2536 gravem,
804 2465 894 2535 qualis
914 2465 1022 2518 Moschi
1044 2461 1218 2535 uoldqmpwc

88 2539 178 2619 ιἰκήνη.
214 2550 281 2601 item
301 2541 409 2603 ὁλκάδα
430 2542 618 2618 μοριόφσρτσν
638 2549 749 2602 Libauii
773 2549 807 2601 T.
826 2550 864 2602 ll.
886 2569 914 2621 p.
936 2551 1030 2604 1151).
1074 2550 1104 2603 si
1123 2543 1156 2605 οὗ
1178 2584 1215 2596 -

91 2628 236 2704 κολόφορτα
301 2631 371 2702 ἔχων
386 2634 527 2703 optaveris
540 2652 573 2687 ex
585 2633 771 2703 manuscripto
786 2642 814 2687 et
824 2652 910 2688 naves
923 2634 1108 2703 intellexeris,
1129 2653 1217 2688 nexus

93 2721 208 2773 samonis
223 2718 335 2784 obierit.
363 2719 435 2772 Utut
450 2726 509 2786 est,
526 2718 615 2771 libello
631 2718 723 2772 addidi
742 2720 890 2773 varietates
905 2720 1061 2790 scripturae
1075 2739 1108 2773 ex
1123 2721 1217 2773 codiee

92 2799 247 2858 Barocciauo
266 2820 282 2855 a
298 2803 332 2858 cl.
347 2802 493 2857 lleinoldio
514 2804 724 2873 diligentissime
741 2812 901 2875 excerptas,
926 2812 1069 2876 praeterea
1090 2824 1123 2858 ex
1139 2805 1216 2859 Pala-

91 2884 138 2939 tino
151 2888 349 2959 langermanni
364 2897 393 2941 et
408 2889 683 2943 hmstelodamensl.“

160 2973 341 3042 wesselingii
356 2972 457 3026 iudicio
476 2974 643 3044 subscripsit
664 2992 718 3027 uon
740 2973 827 3027 solum
842 2975 1069 3043 Harlesius†††)
1085 2975 1112 3028 in
1129 2974 1217 3029 altera

90 3072 157 3123 quau
171 3059 283 3114 curavit
297 3058 483 3112 Bibliothecae
499 3060 623 3112 Graecae
637 3059 756 3113 Fabricii
773 3060 908 3129 editione,
933 3077 1026 3113 verum
1048 3061 1127 3114 etiam
1147 3078 1215 3130 pau-

90 3141 123 3194 cis
135 3144 296 3214 quibusdam
313 3144 379 3198 viris
394 3144 516 3213 exceptis
526 3141 575 3213 *†)
590 3163 682 3198 omnes
698 3146 757 3197 fere
773 3145 826 3198 viri
839 3145 927 3214 docti,
944 3145 991 3216 qui
1007 3146 1080 3198 hunc
1097 3144 1216 3198 libellum

145 3340 174 3440 2
188 3344 252 3394 Vid.
265 3344 380 3393 Excurs.
394 3342 447 3426 Vll
460 3342 502 3395 ed.
515 3347 599 3424 nostr.
614 3341 687 3392 adh.
700 3342 719 3392 l.
733 3342 790 3394 Vol.
803 3344 824 3394 I.
837 3359 864 3461 p.
877 3342 927 3393 859
940 3340 1082 3421 seq.'[Br,]
1097 3402 1103 3423 ε
1160 3404 1167 3423 .

89 3489 129 3534 wc
141 3409 229 3544 istos,
231 3428 269 3545 nvo
271 3404 370 3543 011111σῶ
374 3410 484 3544 {apori
487 3410 625 3544 (pqhqlquep
637 3409 778 3475 leguntur.
797 3427 834 3460 κα
859 3410 1037 3476 Νεοτειχεος,
1050 3427 1088 3470 ως
1103 3410 1215 3474 Ηροδο-

147 3543 201 3606 ⁸³⁵⁸]
219 3563 241 3598 a.
254 3535 304 3601 v.''
326 3561 416 3612 μηρσς
434 3546 493 3596 Vol.
507 3546 542 3596 II.
560 3548 589 3596 P.
603 3545 626 3595 l.
645 3563 672 3623 p.
688 3544 752 3595 1108
769 3545 811 3596 ed.
824 3544 998 3610 Bernhardy,
1016 3547 1064 3596 ubi
1080 3546 1151 3597 haec
1169 3563 1215 3598 ex·

90 3615 168 3663 amnt:
184 3608 312 3680 Ὅμηρος
328 3604 471 3678 ἄγνωστος
483 3616 543 3672 τοῖς
554 3604 735 3679 desponsae·
752 3604 938 3676 Ἡρόδοτος
951 3607 988 3664 dl
1006 3605 1022 3664 ὁ
1039 3606 1216 3678 ἴστορικὸς

13 3716 14 3719 ¹
91 3671 210 3745 ἔγραψε
223 3681 305 3749 βίον
319 3673 484 3748 Ὁμήρου,
500 3680 608 3747 μᾶλλον
619 3680 705 3732 τοῦδε
717 3672 938 3748 ἁρμοδιώτερον.
968 3682 1011 3732 Tu
1023 3683 1076 3732 vid.
1091 3698 1162 3748 quae
1175 3682 1216 3733 ibi

91 3747 222 3799 adnotavit
234 3750 395 3813 Bernhardy
407 3766 471 3815 pag.
487 3749 559 3801 1109.
579 3747 647 3815 [Ba]

167 3816 179 3882 )
196 3820 224 3868 in
237 3818 401 3868 Commentt.
416 3819 451 3869 ad
463 3818 575 3868 Homer.
588 3834 614 3883 p.
622 3816 682 3881 876,
696 3817 743 3867 ubi
755 3816 826 3867 haec
839 3817 978 3883 leguntur:
993 3810 1101 3880 ἴστορεὶ
1113 3810 1144 3868 ἐν
1155 3819 1215 3876 τοῖς

90 3880 148 3947 περὶ
161 3883 186 3935 Ο
208 3881 280 3951 ήροο
291 3877 454 3951 Ἡρόδοτος.
473 3883 541 3967 [Bm]

149 3902 205 4017 sti
215 3954 318 4020 Incipit
335 3958 431 4004 auctor
447 3953 535 4004 linoln
552 3953 624 4004 hune
643 3954 671 4002 in
683 3953 803 4003 medum:
816 3943 971 4030 ’Ἡρόδοτος
984 3944 1215 4020 Ἁλικαρνασσεὺς

91 4015 149 4083 περὶ
160 4012 283 4088 Ὀμήρου
295 4016 420 4101 prolatos
432 4017 481 4071 nul
493 4013 606 4086 ἡλικίης
618 4017 667 4071 καὶ
679 4018 776 4087 βιοτῆς
788 4018 857 4072 cuda
870 4014 1014 4088 ἱστόρηκε,
1032 4015 1154 4088 ζητήσας
1167 4012 1181 4072 ἔ
1204 4050 1213 4058 -

92 4082 212 4147 aletheia
225 4085 266 4148 εἰς
277 4104 309 4140 το
321 4080 536 4153 ἀτρεκέστατον.
561 4086 629 4154 [Bm]

151 4154 219 4223 †††)
237 4158 297 4208 Vol.
309 4158 332 4208 I.
345 4175 369 4223 p.
384 4156 508 4208 3200011.
521 4158 558 4211 11.
573 4174 599 4223 p.
612 4156 670 4208 334.

150 4220 194 4290 ⁸†)
213 4226 311 4276 Wood:
334 4225 457 4275 Versuch
475 4224 544 4275 iiber
566 4225 615 4275 das
633 4224 843 4291 Originalgenie
863 4226 888 4277 d.
906 4226 1017 4277 Homer.
1047 4226 1164 4275 Zustitae
1185 4239 1212 4274 u.

92 4285 304 4360 Vertinderungg.
319 4293 482 4357 (Frankfurt
495 4291 569 4357 1778)
587 4310 611 4359 p.
625 4292 658 4343 48
669 4308 746 4359 seqq.
776 4296 818 4343 De
832 4294 929 4344 Fortia
942 4294 1075 4344 d'Urban:
1094 4290 1213 4343 Homero

95 4361 119 4405 tt
133 4358 282 4476 aeqchrits.
299 4362 379 4413 Paris
398 4360 474 4424 18323
494 4362 526 4411 de
541 4376 592 4426 quo
605 4362 675 4410 libro
688 4361 743 4412 vid.
755 4361 898 4412 Welcker:
917 4362 976 4411 Der
988 4360 1098 4426 epische
1112 4359 1213 4423 Cyclas

94 4437 149 4489 9⁰8·
210 4464 217 4479 ·

946 4512 1011 4580 31*
