2866 5134
193 417 247 477 DE
268 417 372 477 VITA
392 417 450 477 ET
474 414 667 477 SCRIPTIS
686 415 923 478 HERODOTI.
1064 422 1125 485 433

95 588 157 656 Alia,
175 606 240 659 quae
254 588 289 641 ad
303 588 429 657 singulos
444 587 579 642 Herodoti
596 587 671 641 locos
691 586 871 642 illustrandos
888 589 1043 660 pertinent,
1065 590 1125 643 suis

35 690 128 743 quaeque
140 673 199 727 locis
212 674 389 727 indicavimus
401 694 407 725 =
425 674 494 726 satis
506 681 567 726 erat
577 674 627 726 hoc
639 673 698 726 loco
711 690 742 726 ea
755 674 858 743 scripta
870 692 1040 741 enumerare,
1055 692 1125 745 quae

36 758 97 809 relin
114 758 256 812 uuiversum
269 758 404 811 Herodoti
420 759 612 828 geographiam
632 764 767 826 tractant,
792 758 836 812 vel
856 760 972 813 maiores
994 759 1125 829 quasdam

38 850 101 908 partes
114 842 248 896 illustrant.

519 1034 546 1095 S.
566 1032 592 1084 8.

91 1178 123 1231 De
137 1180 252 1234 lontibus
269 1180 399 1233 historiae
416 1181 591 1234 Herodotcae
606 1180 706 1235 dicturi
728 1180 928 1250 proficiscimur
944 1200 959 1235 e
974 1181 1033 1234 loco
1056 1183 1125 1236 clas·

37 1260 109 1331 aiooll,
118 1267 159 1329 oo,
174 1266 244 1320 uude
257 1267 386 1336 triplicem
397 1267 456 1318 iere
468 1266 635 1319 narrationis
651 1268 753 1319 sontem
768 1266 857 1319 luisse
872 1267 1002 1337 scriptori
1014 1267 1126 1337 colligas

35 1356 123 1401 secante
142 1348 304 1404 discernenti
320 1351 395 1404 inter
415 1367 463 1419 ea,
481 1367 553 1420 quae
572 1368 589 1403 a
609 1369 641 1403 se
662 1351 724 1421 ipso
739 1351 800 1404 visa
820 1359 848 1404 et
867 1357 1015 1421 conspecta
1033 1353 1128 1405 retulit

32 1423 99 1497 (itu)
111 1440 134 1485 et
143 1434 211 1487 inter
224 1454 267 1502 ea,
283 1453 354 1505 quae
366 1454 398 1487 ex
414 1435 476 1487 aliis
491 1436 658 1488 sciscitando
670 1435 800 1504 cognovit
810 1432 952 1507 (ἱστορίη),
965 1446 992 1490 et
1007 1437 1127 1507 denique

30 1513 83 1567 inter
94 1534 132 1583 ea,
151 1536 216 1589 qaae
230 1537 284 1573 sua
299 1520 389 1590 ipsius
411 1520 540 1589 opinione
554 1510 655 1574 ductus
675 1521 774 1573 statuit
793 1515 927 1591 (γνώμη).
960 1522 1052 1575 Verba
1066 1522 1129 1591 ipsa

30 1600 123 1655 tiaram
138 1601 207 1673 μέχρι
224 1601 276 1674 pio
290 1599 392 1659 τούτου
413 1598 482 1673 ὄψις
496 1623 525 1659 aa
546 1599 595 1674 ἐμὴ
612 1603 661 1658 sol
682 1599 778 1674 γνώμη
793 1604 842 1659 καὶ
861 1602 965 1675 ἱστορίη
985 1609 1074 1662 ταῦτα
1088 1605 1128 1660 ts'-

31 1679 92 1749 poni
106 1681 167 1741 lora·
192 1683 223 1744 τὸ
244 1686 277 1744 δὲ
299 1682 355 1744 oizi
376 1690 474 1759 τοῦδε,
495 1687 661 1758 Αἰγυπτίους
684 1687 795 1759 ἔρχομαι
816 1685 916 1759 λόγους
938 1685 1034 1760 ἐρέων,
1054 1686 1126 1746 κατὰ

30 1761 149 1839 ἤκουον’)
174 1772 319 1843 προσέσται
338 1771 368 1828 δὲ
384 1768 495 1829 αὐτοῖσί
511 1795 538 1830 τι
555 1773 604 1829 καὶ
624 1775 674 1845 τῆς
691 1771 756 1844 ἐμῆς
776 1769 872 1844 ὄψιος.
906 1775 950 1827 Ad
966 1793 1037 1847 quae
1053 1777 1126 1830 coni.

34 1858 79 1907 itit
89 1873 140 1925 pag·
153 1862 202 1913 otu
217 1878 277 1930 seq.
293 1859 355 1917 Vol.
370 1861 393 1913 1.
423 1860 492 1913 Nam
508 1861 667 1931 ubicunque
680 1861 841 1913 Herodotus
858 1878 913 1913 non
932 1878 1063 1930 expresse
1079 1862 1127 1914 ad·

37 1934 102 2001 ditae
114 1943 143 1994 ab
155 1944 212 1997 aliis
229 1945 356 1998 edoctum
373 1945 440 1997 haec
456 1962 600 2013 enarrare,
615 1945 676 2014 ipse
694 1946 760 1998 haec
775 1946 931 2015 inspexisse
946 1945 1067 2016 indeque
1084 1964 1127 1998 re-

37 2020 234 2095 alloquendus
246 2038 300 2083 est.
332 2031 522 2100 Quaecunque
533 2030 595 2082 eliis
607 2029 703 2083 debuit
713 2035 763 2081 aut
775 2029 887 2083 aliunde
898 2038 1012 2100 accepta
1022 2030 1127 2097 retulit,

36 2120 102 2161 uuor
115 2112 162 2165 uisi
174 2115 267 2183 sonte,
291 2132 325 2167 ex
339 2131 393 2187 quo
408 2122 569 2183 manarunt,
589 2115 709 2167 indicato
724 2115 796 2167 solet
809 2116 923 2182 afferre,
945 2114 1050 2169 addens
1065 2134 1127 2168 ver-

36 2188 138 2261 buuoacl
155 2208 200 2251 aut
215 2197 327 2268 λέγουσι
349 2206 398 2252 aut
417 2199 504 2253 simile
526 2200 607 2270 quid:
631 2200 704 2253 unde
726 2199 771 2252 vel
791 2200 920 2253 itinerum
937 2202 971 2253 ab
985 2200 1129 2254 Herodoto

35 2272 126 2332 littorum
137 2283 290 2339 testimonia
304 2284 375 2337 haud
391 2301 454 2337 raro
471 2285 559 2354 repeti
575 2302 659 2354 posse
672 2301 758 2354 supra
772 2288 798 2350 s.
814 2290 829 2337 7
849 2284 976 2337 vidimus.
1007 2285 1045 2338 Et
1062 2285 1128 2337 haec

33 2369 69 2410 tw
79 2375 153 2432 aperta
165 2379 230 2422 sunt
248 2369 336 2439 inque
351 2370 500 2438 conspicuo
519 2368 627 2439 posita,
651 2377 683 2421 ut
697 2386 775 2421 nemo
790 2370 950 2439 quisquam,
973 2369 1027 2422 nisi
1048 2387 1128 2440 prae-

34 2457 128 2514 ⁰⁰⁰tptto
139 2451 231 2507 iudicio
244 2459 361 2523 captus,
376 2452 530 2522 intelligere
542 2460 675 2523 nequeat:
692 2453 762 2506 illud
774 2471 840 2508 vero
854 2454 968 2521 gravius
981 2462 1064 2523 atque
1075 2453 1126 2506 ‹tit-

37 2526 107 2583 fitffit!
117 2539 289 2605 mustituere,
307 2538 414 2609 siquos
430 2537 498 2592 alios
514 2546 658 2609 praeterea
671 2540 764 2591 fontes
775 2538 880 2592 Noster
892 2538 1006 2606 adierit,
1022 2539 1047 2591 si
1061 2538 1130 2590 alio·

40 2625 82 2661 ΝΜ
91 2617 165 2687 'tripla
176 2623 351 2676 consuluerit
365 2632 393 2677 et
408 2641 441 2676 ex
455 2624 491 2676 iis
508 2624 580 2676 haud
595 2639 682 2693 pauca
694 2622 736 2674 hic
748 2622 803 2675 illic
814 2624 842 2676 in
855 2639 923 2675 suos
936 2623 1021 2676 libros
1037 2629 1130 2676 trans-

40 2694 117 2751 tulerit:
135 2709 287 2773 pmesertim
305 2725 364 2761 cum
382 2716 445 2761 ante
463 2708 633 2762 Herodotum
658 2708 753 2779 plures
769 2714 879 2761 constet
895 2707 984 2763 fuisse
1001 2706 1129 2776 logogra-

41 2777 138 2842 liutsire
148 2810 232 2846 rerum
244 2792 414 2863 scriptores,
430 2793 531 2862 quibus
546 2792 616 2863 ipsis
628 2792 656 2844 N
658 2800 762 2846 ostrum
777 2793 972 2863 quodammodo
984 2810 1130 2846 accensere

39 2859 99 2919 'ioett
126 2871 173 2929 Hos
187 2896 255 2931 vero
274 2877 301 2930 si
314 2877 475 2931 Herodotus
491 2877 663 2932 consuluerit
678 2882 706 2929 et
725 2876 753 2929 in
768 2895 848 2931 usum
863 2895 944 2931 suum
965 2877 1130 2944 adhibuerit,

38 2946 116 3006 iudicari
128 2960 213 3032 utique
232 2971 450 3016 consentaneum
473 2971 515 3015 est
537 2981 553 3015 a
569 2962 705 3031 scriptore
721 2961 823 3032 alioqui
845 2962 874 3014 in
895 2962 998 3015 talibus
1015 2970 1069 3015 tam
1085 2978 1129 3013 ac-

35 3044 106 3092 ilffllt
132 3045 163 3096 dt
175 3048 218 3100 vix
233 3048 319 3101 ullum
334 3052 439 3100 certum
451 3047 533 3099 huius
548 3047 589 3101 rei
605 3046 710 3116 uspiam
724 3056 816 3100 exstat
829 3047 993 3116 vestigium,
1010 3048 1064 3100 nisi
1076 3048 1129 3101 Hc-

32 3124 191 3199 cuinullum,
207 3133 311 3202 dequo
326 3131 458 3184 contiuuo
474 3148 569 3185 sumus
582 3132 696 3199 dicturi,
712 3133 874 3185 mentionem
889 3132 942 3185 huc
956 3133 1062 3185 referre
1076 3150 1129 3183 ma-

33 3198 66 3253 ¹i¹²
83 3224 130 3263 tau
141 3216 210 3283 quod
228 3218 264 3269 ad
280 3216 423 3271 Xanthum
447 3217 606 3285 respexisse
629 3216 727 3268 volunt
739 3216 909 3270 Herodotum
924 3217 953 3285 I,
971 3219 1019 3282 93,
1042 3218 1076 3270 de
1098 3235 1130 3269 eo

34 3301 84 3340 nune
95 3312 137 3349 nou
151 3298 248 3371 dimin,
271 3301 300 3353 id
319 3318 403 3354 unum
417 3309 492 3354 certo
513 3301 578 3369 poni
593 3318 676 3371 posse
692 3308 787 3370 ratus,
808 3301 978 3354 Herodotum
993 3302 1021 3352 in
1037 3301 1131 3369 Lydo-

37 3380 147 3435 fturebus
157 3386 320 3439 enarrandis
331 3385 431 3438 Xanthi
443 3385 546 3456 scripta
557 3385 663 3437 minime
675 3385 851 3454 compilasse:
867 3386 923 3439 vid.
935 3385 996 3438 Vol.
1005 3385 1027 3436 l.
1041 3403 1068 3454 p.
1080 3388 1131 3439 204

34 3469 73 3525 '‘l·
93 3463 144 3519 Nec
156 3468 234 3524 aliter
248 3469 394 3524 statuerim
411 3471 446 3523 de
462 3473 584 3525 Glaucone
596 3472 778 3541 Lampsaceno
789 3466 850 3537 **),
868 3471 907 3522 uti
920 3471 972 3523 iam
986 3469 1043 3523 dixi
1057 3470 1091 3522 ad
1108 3470 1131 3536 l,

31 3583 190 3612 *N*-

75 3673 97 3740 ⁸)
110 3681 146 3732 Er
162 3685 204 3736 his
222 3688 231 3736 i
253 3687 291 3736 sis
304 3686 397 3736 verbis
416 3693 531 3752 precatam
549 3685 618 3736 adeo
630 3687 819 3736 narrationum
830 3700 917 3751 genus
931 3686 1062 3736 constitui
1073 3684 1133 3736 vult

32 3734 147 3810 Lthueyer
163 3753 215 3814 (De
232 3704 324 3805 iibelli
343 3753 503 3804 Plutarchei
522 3757 568 3819 qui
586 3754 620 3804 de
637 3753 812 3818 malignitate
823 3754 955 3804 Herodoti
973 3752 1132 3803 inscribitur

33 3813 158 3869 ilctoritate
179 3821 280 3888 pag.8
304 3820 390 3888 seq),
414 3822 462 3872 ubi
483 3821 652 3883 Herodotus,
677 3836 737 3871 cum
760 3836 848 3887 neque
873 3821 989 3871 testibus
1013 3821 1131 3871 oculatis

32 3884 92 3958 atqup
110 3888 198 3938 auritis
220 3891 262 3939 nti
285 3889 412 3940 licuisset
435 3888 625 3953 „simplicitas
645 3904 823 3954 quaecunque
843 3889 963 3952 audivit,
983 3889 1131 3939 memoriae

33 3944 117 4021 indidit
137 3950 218 4018 (aurci
241 3947 376 4025 ἦκουον);
403 3956 437 4007 de
461 3958 560 4020 quibus
583 3957 652 4007 nihil
678 3957 752 4006 aliud
777 3958 857 4009 nobis
879 3957 1046 4023 persuadere
1064 3956 1132 4011 vult.

33 4018 66 4058 aar
79 4030 163 4072 revera
179 4026 220 4075 ite
237 4030 353 4087 naman,
373 4039 435 4075 cum
453 4025 488 4074 de
506 4025 642 4075 laetorum
661 4025 780 4075 veritato
799 4027 858 4090 ipse
877 4025 950 4075 haud
967 4040 1030 4075 raro
1048 4023 1132 4073 dubia

30 4086 210 4222 &eprogqqqtfl
229 4093 516 4211 thpquossqliqcuzcruqi
526 4108 631 4209 quoqup
649 4090 1047 4211 (iii,⁸t⁰r{1·Kti¹,}¹⁵t{¹'·dG¹ie⁰li
1057 4107 1130 4222 paq'qi

30 4204 68 4271 (die
82 4189 162 4275 house
177 4176 266 4293 Sigeri
281 4176 827 4294 ppntinetpprrqlplququeoptripqqmnad
842 4176 887 4279 {iil
898 4176 1037 4294 prerqiqppe
1055 4226 1131 4276 vide·

30 4280 64 4339 Ψ,
91 4301 138 4339 uae
153 4293 182 4342 in
196 4296 354 4347 universum
372 4289 482 4361 ioaoolq
501 4296 701 4362 complectitur.

100 4352 198 4420 lQuod
215 4363 244 4412 in
263 4363 429 4415 Tertulliani
452 4364 513 4414 loco
531 4364 566 4414 de
593 4364 691 4413 Anima
710 4380 771 4430 cap.
795 4362 829 4413 46
851 4361 944 4429 (quom
961 4363 990 4411 in
1008 4366 1077 4412 nott.
1098 4359 1132 4410 ad

31 4409 261 4495 illinierunt),
280 4432 326 4482 ubi
345 4431 380 4483 da
395 4433 519 4498 Astyage
538 4438 566 4482 et
583 4432 720 4482 Mandane
738 4432 894 4482 Herodotus
914 4433 1028 4491 citatur,
1055 4428 1130 4478 eddi-

68 4523 207 4575 usaonor.
223 4535 266 4577 lv.
890 4519 930 4580 28
