2826 5132
210 391 272 451 4114
620 383 937 446 ΟΟΜΜΕΝΤΑΤΙΟ

209 552 238 615 ἐν
258 550 359 610 τούτου
373 557 459 625 δῆλον
480 547 527 610 ότι
544 550 639 615 mireo
658 557 702 610 δεῖ
715 548 834 624 γράφειν
849 553 897 608 καλ
917 547 970 609 oria
980 547 1106 620 Ὀξύλου.
1136 555 1211 618 Quae
1223 551 1321 605 dirersi-

208 650 252 694 tas
274 643 391 694 nominis
412 635 506 707 Λύξου
529 649 558 694 et
577 636 673 700 Ξύλοο
694 641 828 710 quomodo
850 639 1011 710 explicanda
1033 647 1062 692 et
1085 656 1148 692 uum
1161 639 1192 691 ad
1210 637 1322 690 dialectos

209 727 413 796 provocandum
439 728 489 795 sit,
510 726 621 796 quaerit
637 725 821 778 Tzachiruer=
842 725 905 777 mihi
921 744 935 778 e
956 724 1114 794 corruptela
1132 730 1214 781 ortum
1232 722 1323 774 videtur

210 818 356 883 utrumque
372 820 401 864 et
411 807 506 871 Ξύλσυ
521 818 549 864 et
560 805 685 878 Ὀξύλου,
701 810 822 879 indeque
832 804 926 875 Λύξου
942 827 1025 863 unum
1036 827 1130 863 verum
1141 810 1221 862 babeo
1233 810 1323 877 lqsoa·

210 914 265 966 que
282 897 415 967 appellari
433 896 557 950 existimo
573 903 678 965 putrem
692 895 838 953 Herodoti.

295 983 411 1035 Matrem
435 981 537 1033 Suidas
559 982 577 1033 Ι.
601 981 619 1035 Ι.
642 987 724 1033 vocat
742 980 830 1049 Drya,
851 996 931 1050 quam
951 980 1026 1049 quod
1050 979 1104 1031 alio
1121 980 1178 1032 loco
1192 978 1226 1045 (a.
1240 995 1265 1032 τ.
1280 977 1327 1028 Πα-

210 1061 308 1128 νύασις
329 1066 364 1122 Τ.
380 1067 433 1118 111.
451 1085 478 1136 p.
496 1067 544 1133 22)
567 1065 687 1136 appellat
708 1067 797 1119 Rhuco
813 1057 932 1136 (Ῥοιοί),
953 1065 982 1117 id
996 1073 1024 1117 et
1038 1065 1127 1134 ipsum
1143 1082 1175 1117 ex
1193 1059 1327 1129 corruptela
1401 1108 1402 1125 ,

209 1152 326 1204 fluxisse
341 1151 458 1204 videtur.
475 1151 520 1203 Tu
535 1152 607 1210 coni,
625 1150 741 1203 eundem
748 1149 986 1205 Taschirneruml.
996 1149 1014 1204 1.
1022 1167 1085 1219 pag.
1100 1152 1188 1205 13.14.
1201 1146 1329 1200 Praeterea
1401 1148 1402 1161 ¹

213 1238 381 1291 Theodorum
393 1237 506 1288 fratrem
519 1234 708 1289 affertSuidas
722 1235 739 1291 l.
758 1234 776 1287 1.
793 1235 845 1305 (ll.
858 1239 882 1287 2.
895 1253 923 1304 p.
935 1238 969 1288 55
981 1235 1023 1287 ed.
1035 1234 1137 1292 Bernh.
1151 1234 1215 1285 litt.
1229 1233 1327 1284 Graeco.

209 1321 323 1391 Scriptt.
331 1341 358 1391 p.
367 1324 402 1374 80
411 1321 521 1391 seq.ed.
529 1321 757 1394 Westermanu.)‚
768 1325 913 1387 cognatum
923 1320 1061 1389 Pcnycain,
1074 1318 1178 1389 epicum
1189 1317 1328 1388 poitamce

209 1406 395 1459 leberrimumr
411 1400 555 1468 Πανύασις
568 1400 741 1474 Πολυάρχου,
752 1398 985 1476 Ἁλικαρνασσεύς,
994 1399 1200 1473 τερατοσκόπος
1211 1400 1256 1456 καὶ
1264 1419 1329 1467 anns
1401 1408 1402 1465 γ

209 1488 260 1561 τὴς
273 1486 356 1561 ἐντῶν,
372 1482 404 1552 ὃς
419 1492 584 1563 σβεσδείσαν
597 1485 649 1560 τὴν
670 1484 820 1559 ποιητικὴν
834 1483 1024 1559 ἐπανήγαγεν·
1039 1490 1143 1556 Δοῦρις
1160 1484 1189 1543 δὲ
1202 1482 1331 1545 Attulit&

209 1596 238 1632 ce
252 1577 341 1630 παῖδα
355 1568 495 1646 ἀνέγραψε
507 1575 555 1630 καὶ
566 1570 685 1646 Σάμιον,
701 1569 842 1644 ὁμοίωσδὲ
852 1564 1056 1643 ιιαΙἩρόδστος
1072 1567 1238 1644 (Ἡρόδοτον
1248 1587 1331 1642 propo
1401 1586 1402 1613 ι

211 1661 444 1731 suitWesseling.
457 1662 486 1714 iu
495 1661 754 1715 Dissertatflerod.
766 1678 829 1730 pag.
841 1663 867 1714 9.
880 1659 1000 1731 itemque
1008 1660 1101 1727 Heyse
1116 1657 1248 1712 etFuulre
1258 1656 1274 1707 l.
1284 1670 1333 1708 mox

211 1747 228 1800 l.
246 1764 307 1817 pag.
326 1749 384 1813 134,
400 1747 469 1799 Stoll
482 1746 512 1798 in
529 1746 689 1799 zeitschrift
702 1748 723 1797 f.
741 1744 987 1802 Altertbumswiss.
1005 1747 1080 1805 1844,
1100 1763 1143 1797 ur.
1152 1747 1195 1811 57,
1211 1760 1270 1812 pag.
1283 1743 1333 1793 451.

211 1831 272 1884 Alia
291 1838 382 1884 tentat
397 1831 575 1884 Taschirueri
593 1831 610 1885 l.
629 1831 646 1883 1.
665 1847 727 1899 pag.
745 1833 786 1898 10,
801 1830 849 1882 ubi
870 1831 926 1886 vid.
946 1828 1037 1902 plura)
1055 1824 1193 1896 Θούριον·
1214 1820 1334 1893 Ιστόριγτοι

211 1912 241 1970 dl
259 1910 404 1978 Πανύασις
419 1910 571 1984 Ἡροδότου
591 1918 640 1971 τοῦ
663 1912 804 1984 Ιστοριιιού
825 1909 989 1983 ἐξάδελφος·
1012 1912 1107 1983 γέγονε
1131 1909 1186 1983 γάρ
1208 1905 1334 1968 Herium

212 1996 392 2071 Πολυάρχου,
408 1994 423 2055 ὁ
440 1994 469 2055 δ’
481 1996 630 2069 Ἡρόδοτος
645 1994 755 2070 Λύξου,
775 2001 824 2053 τοῦ
841 1995 1006 2068 Πολυάρχου
1022 1993 1163 2069 ἀδελφοῦ·
1184 1994 1254 2059 arole
1269 1991 1294 2049 δ’
1308 1984 1334 2046 ui

211 2082 314 2156 Λύξην,
330 2080 399 2140 άλλὰ
414 2080 503 2157 Ῥοιύ,
524 2079 576 2154 τήν
594 2084 696 2155 μητέρα
710 2077 877 2156 Ἡροδότου,
902 2078 1082 2146 Πανυάσιδσς
1101 2077 1228 2154 ἀδελφὴν
1246 2075 1335 2148 lucium
1401 2086 1402 2103 ¹

212 2190 273 2233 σαν,
299 2165 331 2225 Ὁ
347 2167 377 2225 dl
392 2165 535 2232 Πανύασις
550 2167 644 2239 γέγονε
658 2164 729 2224 κατά
748 2165 799 2239 τὴν
814 2166 848 2240 oq'
864 2164 1031 2239 ὀλυμπιάδα,
1045 2164 1117 2224 κατά
1131 2169 1166 2225 δέ
1175 2188 1252 2231 τινας
1261 2164 1336 2235 πολλῷ

211 2251 406 2328 πρεσβύτερος·
430 2253 524 2326 γέγονε
543 2250 595 2325 γάρ
608 2250 653 2310 ἐπὶ
669 2257 725 2310 τοῖν
739 2257 898 2324 Περσικῶν·
918 2249 1043 2329 ἀνῃρέθη
1057 2249 1085 2309 δ’
1100 2249 1159 2310 dard
1177 2248 1337 2324 Λυγδάμιδῦλ

211 2345 261 2396 τού
287 2345 379 2409 τρίτου
400 2336 623 2410 τυραννήσαντος
637 2334 859 2411 Ἁλικαρνασσοῦ.
887 2341 919 2393 Iu
940 2358 995 2412 quo
1017 2340 1092 2407 loco,
1114 2340 1170 2394 alia
1191 2348 1223 2394 ut
1242 2338 1337 2400 mittam,

213 2444 284 2498 quae
298 2427 332 2480 ud
348 2425 530 2495 Panyasim*)
552 2427 645 2497 potius
661 2427 788 2497 quemad
803 2426 973 2480 Herodotum
988 2426 1147 2496 pertinent,
1170 2426 1198 2478 id
1215 2440 1292 2477 uuum
1304 2421 1338 2471 ΙΙΙ

213 2512 399 2582 quaerendum
422 2512 547 2579 ridetur,
569 2528 687 2582 quonam
708 2511 881 2581 cognationis
901 2511 1012 2563 viuculo
1035 2518 1155 2581 uterque
1185 2511 1268 2564 luerit
1285 2523 1338 2559 cou·
1401 2528 1402 2545 ι

213 2598 341 2650 iunctus=
360 2614 521 2667 quamquam
543 2597 587 2649 vel
610 2597 659 2650 hac
679 2597 708 2649 iu
733 2615 764 2649 re
780 2596 919 2649 diversum
940 2596 967 2648 iu
984 2596 1090 2649 modum
1105 2596 1159 2650 iam
1173 2604 1280 2650 veteres
1292 2599 1338 2644 ata·

212 2682 302 2735 tuisse
323 2683 383 2751 ipse
398 2682 500 2735 Snidae
523 2682 598 2734 locus
615 2681 684 2734 satis
699 2681 798 2734 docere
813 2687 922 2751 potest,
938 2699 953 2733 e
968 2681 1048 2734 cuius
1063 2680 1174 2749 verbis,
1191 2680 1267 2735 modo
1281 2693 1339 2731 com·

212 2773 300 2819 mutes
322 2762 501 2828 Πανυάσιδος
525 2760 651 2836 ἀδελφὴν
671 2767 699 2818 iu
716 2760 881 2835 Πολυάρχου
898 2759 1034 2837 άδελφὴν,
1056 2766 1086 2818 id
1100 2767 1156 2819 sibi
1172 2766 1294 2821 effecisse
1306 2760 1337 2810 vl·

213 2852 295 2904 detur
316 2852 411 2918 Heyse
434 2852 476 2905 De
491 2851 625 2906 Herodot.
643 2851 694 2905 vit.
720 2858 748 2904 et
769 2851 850 2905 itinn.
874 2868 937 2921 pag.
958 2855 998 2919 15,
1016 2858 1048 2903 ut
1069 2859 1118 2904 aut
1143 2851 1283 2921 patrueles
1301 2850 1339 2897 ant
1401 2864 1402 2871 ι

213 2935 317 2988 amitini
333 2936 454 3002 lueriut3
471 2937 498 2989 iu
517 2953 571 3006 quo
587 2953 720 2989 assensus
742 2943 785 2989 est
803 2936 901 2989 Funlre
922 2937 1036 2991 Jahrbb.
1052 2939 1072 2990 1.
1088 2936 1226 3005 Philolog.
1243 2952 1269 2988 u.
1284 2933 1338 2984 Pae·
1401 2976 1402 3015 3

213 3021 276 3087 dug.
305 3018 428 3071 xxxix.
455 3039 482 3090 p.
500 3023 559 3083 134,
587 3021 733 3091 utriusque
755 3020 988 3092 propinquitatem
1007 3022 1042 3075 ad
1062 3021 1337 3090 idgeuuarevocauh
1401 3020 1402 3025 ’

214 3104 287 3175 quod
304 3121 355 3157 nos
371 3121 499 3158 vocamus
517 3107 759 3161 Geacdmioterlrinrl.
791 3106 941 3176 Equidem,
963 3107 1010 3177 qui
1027 3107 1149 3159 mutandi
1164 3106 1336 3160 necariola

214 3189 313 3242 nullam
323 3207 386 3242 esse
397 3190 526 3257 arbitror,
536 3191 598 3243 bulo
610 3192 775 3256 sententiae,
788 3191 1010 3261 quuePauyusim
1022 3191 1231 3245 etHerodotum
1242 3193 1334 3243 iratur!

216 3274 373 3343 (Polyarchi
388 3281 416 3327 et
430 3276 539 3343 Lyrae)
556 3276 628 3328 filios
647 3276 754 3342 reddit,
770 3275 881 3329 alterum
894 3277 968 3346 apud
982 3277 1093 3330 Suidanr
1109 3277 1224 3330 obstare
1240 3273 1337 3333 credu,
1401 3322 1402 3329 ,

214 3378 248 3413 ex
263 3378 317 3431 qua
332 3360 467 3413 Herodoti
484 3368 570 3414 mater
584 3362 669 3414 fuerit
682 3360 848 3428 Panyasidis
864 3379 959 3430 soror,
980 3361 1100 3432 indeque
1113 3361 1255 3431 Panyasis
1266 3360 1337 3412 Hero
1401 3410 1402 3427 ,

214 3445 272 3497 doti
293 3446 462 3498 avunculus:
482 3451 565 3515 atque
589 3447 657 3499 hauc
678 3446 841 3499 senteutiam
862 3446 906 3499 vel
928 3454 1042 3516 propter
1062 3454 1218 3517 temporum
1235 3444 1340 3499 ratiouet
1401 3508 1402 3515 ἵ

215 3529 248 3581 ad
264 3547 357 3583 verum
372 3532 458 3599 magis
474 3532 603 3584 accedere
619 3536 696 3601 puto,
712 3548 792 3601 quum
809 3531 921 3584 eandem
932 3548 1043 3602 quoqne
1058 3537 1269 3602 proposuerunt
1280 3527 1339 3581 Nur
1401 3526 1402 3529 ’

215 3614 277 3665 kius
294 3614 328 3666 ad
343 3614 464 3667 Choerili
479 3617 575 3684 fragm.
590 3624 619 3669 et
637 3616 805 3669 Tzachirner
817 3614 981 3684 Pauyaaidis
995 3617 1130 3684 Fragmm.
1145 3634 1213 3688 pag.
1224 3616 1269 3669 ll.
1294 3606 1341 3674 Qll

214 3698 285 3751 idem
306 3699 380 3767 quod
394 3700 508 3753 alterum
525 3701 670 3770 Panyasim
687 3701 818 3771 proponit
830 3701 959 3755 minorem
973 3707 1056 3768 natu,
1070 3700 1240 3770 Panyaaidis
1256 3698 1341 3770 poetae

283 3915 309 3980 ³¹³)
327 3918 370 3966 De
387 3917 542 3981 Panyaaide
558 3920 642 3982 po'e’ta
658 3923 721 3983 post
736 3917 895 3969 Fabricium
913 3918 942 3969 in
954 3917 1027 3970 Brbl.
1042 3918 1141 3970 Gracc.
1160 3919 1183 3970 1.
1197 3934 1225 3985 p.
1235 3915 1284 3968 7³4
1293 3924 1341 3975 atq·
1401 3940 1402 3979 ;

216 3982 308 4049 plures
321 3990 506 4050 exposuerunt
518 3986 633 4035 excitati
647 4001 663 4035 a
676 3986 857 4038 Tzschirnero
869 3986 887 4036 l.
901 3986 919 4036 1.
932 4003 958 4052 p.
972 3987 995 4036 2.
1021 3987 1064 4037 Tu
1076 3988 1131 4037 vid.
1143 3985 1310 4053 potissimum
1318 3977 1341 4029 J·

215 4048 334 4101 Treuir:
355 4052 492 4115 Panyasis
509 4052 601 4102 Halic.
621 4054 808 4119 symposiacus
833 4055 949 4108 Graeco.
973 4059 1064 4121 poeta.
1090 4055 1217 4122 Upsalae
1238 4047 1341 4104 18314·
1401 4076 1402 4113 γ

217 4122 247 4168 P.
261 4119 439 4169 Tzschiruer:
457 4119 500 4169 De
517 4120 683 4184 Panyasidis
699 4121 792 4171 Halic.
812 4123 886 4188 epici
904 4124 1003 4188 podiae
1020 4126 1080 4174 vita
1098 4130 1127 4174 ot
1138 4123 1271 4174 carmina.
1284 4119 1311 4167 P.
1322 4114 1341 4162 Ι
1401 4116 1402 4133 ²

216 4187 365 4238 Vratislav.
384 4185 457 4237 1830.
475 4188 491 4235 4
509 4193 590 4253 atque
607 4188 745 4253 inprimis:
763 4191 928 4254 Panyasidis
941 4190 1151 4245 Halicarnassei
1168 4181 1342 4240 Heracleadtss
1401 4214 1402 4221 ι

215 4257 394 4321 Fragmenta.
418 4255 581 4305 Praemissis
594 4256 627 4306 do
640 4257 805 4320 Panyasidis
816 4260 876 4310 vita
889 4264 917 4307 et
929 4259 1096 4309 carminibus
1113 4249 1340 4310 commentationi·
1401 4247 1402 4319 1

216 4325 267 4373 bus
281 4323 323 4373 ed.
342 4322 457 4373 Pistoth.
476 4322 648 4373 Tzschirucr.
665 4324 814 4375 Vrutisluv.
836 4325 908 4376 1842.
925 4329 950 4376 4.
974 4327 1020 4379 Fr.
1032 4327 1082 4377 Ph.
1095 4325 1223 4377 Funckc:
1243 4321 1341 4373 Dera·
1401 4322 1402 4389 l

217 4392 340 4471 uyuaidis
352 4391 445 4441 Halia.
458 4392 517 4442 vita
530 4407 563 4442 uc
575 4394 663 4458 puisi.
686 4394 774 4444 Bonn.
789 4392 862 4445 1837.
876 4392 901 4445 Β.
