2952 5156
232 398 272 459 82
670 382 939 447 HERODOTI

233 590 314 653 γαγε
337 560 416 645 τούς
433 555 653 650 στρατημούς,
672 550 775 639 notris
793 547 871 644 ἦνὸ
895 555 1135 644 Θεμιστοκλέης
1160 554 1196 622 ἐν
1212 567 1294 622 τοῖσι
1316 550 1363 621 ld·

232 686 337 755 μοισι,
361 659 416 734 οἷα
439 661 544 750 κάρτα
569 658 734 750 δεόμενος.
776 661 930 746 λέγοντος
955 657 992 726 dt
1017 651 1124 725 αὐτοῦ
1150 649 1168 724 ὁ
1192 661 1363 744 Κορίνθιος

233 763 413 857 στρατηγὸς
433 761 644 853 Ἀδείμαντος
667 757 684 831 ὁ
714 757 855 832 Ὠκύτου
881 758 968 829 εἶπε
1000 747 1039 828 ‘a
1062 753 1309 846 Θεμιστόκλεες,
1333 758 1365 824 ἐν

233 885 318 940 τοῖσι
336 864 440 956 ἆνσὶσι
464 872 499 936 ol
513 861 827 956 προεξανιστάμενοι
846 866 1046 951 ῥαπίζονται.
1090 854 1108 928 ὁ
1133 859 1170 928 dl
1193 854 1364 946 ἀπολυόμε-

233 1048 285 1084 σον
297 1047 348 1098 σφι
360 1029 514 1096 προετίθεε
531 1024 567 1081 τὸ
581 1027 697 1095 πρῆγμα
710 1042 778 1094 σνμ-
831 1031 893 1077 sunt
915 1026 1002 1076 verba
1025 1024 1052 1074 in
1076 1025 1134 1075 vita
1151 1020 1365 1073 Themistocli:

234 1093 441 1178 βουλευόμενος
452 1116 477 1148 κ.
491 1114 515 1148 τ.
530 1098 554 1148 λ.
831 1096 929 1157 „cuius
940 1094 1027 1154 (urbis
1035 1092 1203 1142 Athenarum
1216 1090 1284 1152 soil.)
1297 1090 1366 1139 llam·

267 1161 357 1226 aelric
368 1155 406 1233 ἦν
417 1182 433 1217 ο
445 1159 652 1233 Θεμιστοκλέης
662 1156 693 1215 ἕν
705 1165 778 1214 τοῖσι
831 1163 875 1213 mt
886 1161 1026 1227 perterriti
1039 1159 1178 1211 classiarii
1192 1175 1252 1209 cum
1264 1172 1368 1208 manere

235 1229 357 1302 λόγοισι,
374 1229 423 1285 οἷα
440 1227 533 1297 ιισὶρτα
551 1225 696 1300 δεόμενος]
716 1233 734 1282 i.
753 1249 778 1282 e.
830 1246 885 1281 non
908 1229 1043 1279 auderent
1061 1234 1089 1278 et
1106 1227 1217 1292 plurimi
1233 1227 1368 1276 hortaren-

234 1309 310 1355 malta
333 1304 432 1354 dicebat
462 1303 573 1365 (multus
603 1306 663 1351 erat
688 1303 716 1350 in
741 1300 779 1350 di·
830 1304 882 1349 tur.
895 1301 925 1346 ut
935 1297 1028 1346 domos
1038 1310 1103 1345 suas
1115 1295 1290 1345 discederent
1301 1308 1369 1342 moe-

236 1370 335 1434 cende)
353 1375 446 1438 quippe
458 1372 589 1421 admodum
600 1372 707 1419 iactans.
737 1367 779 1417 Ad
829 1367 964 1430 albusque
977 1380 1007 1414 se
1020 1363 1213 1425 defenderent,
1225 1362 1370 1411 Themisto·

235 1440 402 1490 locutionem
427 1439 500 1489 conf.
523 1438 588 1499 Vll,
615 1435 663 1486 158
687 1435 779 1500 ibique
832 1432 1369 1494 clesnnusrestitltetuniversospares

234 1513 303 1559 nott.
332 1506 630 1571 Inseqq.adlormam
644 1495 779 1570 Θεμιστό-
833 1517 893 1551 esse
911 1516 990 1565 pesae
1010 1500 1117 1559 aiebat,
1137 1498 1276 1564 dispersos
1291 1503 1371 1546 testa-

235 1576 315 1633 αλεες
331 1575 387 1624 vid.
404 1574 523 1626 Bredov.
538 1590 565 1639 p.
583 1573 646 1635 259,
670 1572 716 1637 qui
732 1586 780 1622 ve·
832 1570 914 1619 batur
936 1569 1087 1634 perituros,
1112 1567 1196 1631 idque
1215 1563 1371 1629 Eurybiadi,

234 1658 294 1694 ram
305 1639 780 1692 hancrocissormaminvocativo
831 1636 892 1701 regi
918 1634 1216 1697 Lacedaemoniorum,
1247 1635 1294 1699 qui
1320 1636 1371 1681 turn

236 1727 298 1761 esse
311 1710 383 1775 apud
396 1709 564 1760 Herodotum
576 1713 651 1758 recte
664 1706 779 1756 iudicat.
832 1719 954 1754 summae
972 1704 1081 1769 imperii
1098 1707 1243 1768 praeerat,
1262 1702 1319 1751 fore
1336 1699 1373 1749 al·

235 1805 268 1814 ν-
287 1778 434 1828 Caeterum
453 1777 588 1827 Herodoti
609 1791 669 1825 cum
686 1789 781 1824 narra·
832 1772 990 1822 firmabat.“

234 1847 310 1898 tione
332 1846 492 1895 conteratur
512 1843 653 1894 Plutarch.
671 1841 781 1891 Themi·
867 1833 897 1889 oi
912 1831 1200 1903 προεξανιστάμενοι]
1223 1836 1269 1888 Sic
1286 1836 1374 1886 dicun·

236 1913 314 1964 stocl.
335 1912 375 1962 ll.
390 1928 454 1978 pag.
470 1912 561 1974 lllD,
579 1911 627 1961 ubi
645 1910 782 1974 Eurybia·
832 1913 890 1969 tur,
914 1913 1027 1957 notante
1048 1906 1327 1972 Schweighaeusero,
1349 1903 1375 1951 in

236 1980 297 2030 dem
310 1980 377 2030 dicti
391 1985 474 2029 vocat
488 1984 636 2036 auctorem,
649 1992 704 2027 non
717 1976 781 2026 Adi·
832 1974 904 2025 ludis
918 1976 1084 2025 Graecorum
1097 1975 1126 2038 li,
1141 1976 1189 2039 qui
1202 1979 1267 2024 ante
1280 1974 1375 2022 iustum

235 2053 373 2108 mantum,
389 2045 658 2111 coll.Apophthegrn.
670 2045 705 2093 ll.
717 2060 781 2109 pag.
832 2048 955 2108 tempus,
972 2044 1001 2092 id
1019 2048 1061 2092 est
1079 2049 1143 2093 ante
1162 2043 1273 2108 signum
1289 2041 1376 2089 datum

238 2114 295 2164 185.
336 2113 414 2175 Quod
436 2129 501 2163 vero
524 2112 600 2163 addit
615 2111 781 2161 Plutarchus
835 2111 1021 2160 ecarceribus
1034 2116 1193 2163 excurrunt.
1212 2106 1376 2170 vidimus.

238 2180 620 2245 a'shemistocleresponsum
630 2179 781 2243 Eurybiadi
832 2177 906 2228 Plut.
926 2179 1003 2228 Rom.
1023 2178 1053 2228 15
1076 2178 1139 2245 coll.
1159 2179 1264 2228 Antea.
1281 2175 1314 2227 63
1334 2175 1377 2224 lia.

236 2247 366 2325 bpculum
389 2248 547 2298 attollenti:
573 2241 705 2309 πάταξον
728 2239 782 2312 μὲν
833 2247 910 2295 Arat.
929 2246 963 2295 44
984 2247 1044 2298 luit.
1061 2248 1179 2297 Eumen.
1194 2240 1223 2297 ’1.
1249 2243 1378 2295 Themist.

236 2331 301 2374 ουν,
315 2308 412 2378 εἶπεν,
425 2305 550 2366 ἄκουσον
563 2309 608 2377 di,
628 2315 656 2364 id
669 2331 686 2364 a
697 2310 781 2380 pluri·
835 2312 874 2362 11.
889 2314 940 2376 „In
953 2314 1073 2376 stadio,“
1086 2315 1126 2364 ait
1140 2315 1336 2377 Weraeliap.
1346 2310 1379 2360 ad

236 2385 287 2433 bus
310 2399 415 2449 quoquc
439 2382 503 2433 aliis
524 2388 701 2433 memoratum
720 2398 782 2432 cum
832 2381 859 2431 h.
879 2381 911 2442 1.,
935 2382 1051 2444 „citius,
1076 2397 1159 2446 quarn
1184 2398 1244 2433 mos
1263 2380 1377 2439 ferebat,

236 2453 346 2517 ignoret
368 2451 536 2511 Herodotus,
564 2451 638 2501 haud
662 2452 721 2501 acio
746 2466 781 2500 an
832 2447 1050 2515 προπηδῶντες,
1076 2454 1101 2499 ia
1119 2467 1223 2505 carrum
1239 2452 1377 2503 σιιιὶοσιιιιι,

236 2520 325 2569 serius
342 2518 488 2569 confictum
506 2519 659 2569 existimari
671 2518 781 2568 debeat.
833 2518 893 2567 sive
914 2510 1207 2583 προεξανιστάμενοι,
1231 2518 1315 2569 sicuti
1336 2515 1378 2565 bic

236 2587 309 2649 Quin
330 2587 419 2652 ipsum
441 2586 514 2637 hunc
534 2586 669 2636 Herodoti
692 2585 782 2635 locum
834 2591 862 2635 et
880 2584 994 2635 Strattis
1007 2586 1034 2635 in
1047 2585 1164 2637 Polluce
1177 2588 1221 2638 111
1228 2623 1237 2651 ,
1253 2584 1314 2645 146,
1333 2584 1378 2632 fla·

235 2655 404 2705 narrationis
432 2655 513 2706 istius
542 2670 638 2705 ansam
662 2653 780 2715 dedisse,
833 2653 889 2717 gria
922 2653 1139 2704 admonebantur
1170 2671 1188 2707 a
1217 2667 1302 2721 μαστι
1321 2642 1378 2702 ονό·

235 2724 335 2773 statuit
345 2721 499 2773 Blomfield.
511 2722 540 2771 in
551 2723 671 2773 Glossar.
685 2722 720 2771 ad
729 2722 782 2771 Aa·
833 2736 905 2785 porr.
929 2721 1069 2771 Plutarch.
1085 2666 1320 2800 Apophthegm.{

235 2791 283 2841 ach
304 2790 324 2839 li
345 2791 421 2841 Pera.
438 2788 500 2851 728,
527 2790 653 2855 idemque
675 2789 782 2839 iudicat
835 2784 940 2866 18in
960 2804 993 2838 cx
1009 2790 1152 2840 Adimanti
1175 2807 1239 2854 ere,
1264 2804 1330 2846 τους
1364 2801 1379 2834 v

235 2808 339 2907 ldeler:
359 2856 432 2922 Saga
449 2873 474 2906 v.
489 2856 590 2907 Schuss
603 2858 628 2907 d.
641 2857 704 2907 'Pell
715 2873 781 2922 pag.
833 2857 894 2914 τοῖς
908 2855 997 2921 ardor
1016 2852 1317 2924 προεξανισταμένους
1331 2870 1381 2922 μα·

235 2924 283 2987 67,
296 2925 478 2974 dissentiente
491 2924 600 2974 Grotio:
623 2926 737 2988 History
753 2925 784 2975 ol
833 2922 977 2989 στιγοῦσιν
989 2915 1052 2975 αἐίι
1075 2932 1159 3006 atque
1179 2943 1216 2977 ea
1233 2926 1317 2977 verbo
1329 2924 1379 2973 uir·

237 2992 343 3041 Graece
356 2992 388 3040 V.
404 3008 431 3055 p.
447 2990 507 3040 ltili:
531 2992 565 3041 de
583 3007 635 3057 quo
654 2992 782 3056 equidem
833 2998 876 3041 tus
895 2993 960 3051 Vll,
973 2992 1032 3043 223.
1056 2986 1087 3043 oi
1103 2989 1247 3071 prandere
1260 3022 1292 3032 -
1305 2986 1381 3061 ἔχον·

236 3075 291 3110 non
314 3058 461 3108 decernam
485 3074 537 3109 nec
561 3060 692 3110 accedam
712 3061 782 3109 Lar·
832 3052 1028 3125 τεςμοῖστιγας
1042 3052 1200 3125 ἕρραπιζσν
1217 3057 1315 3113 πάντα
1332 3051 1380 3111 ἄν·

236 3127 332 3189 chero,
346 3126 391 3191 qui
404 3127 518 3176 miratur
531 3127 603 3192 quod
615 3127 685 3177 talia
699 3127 782 3177 silen-
833 3124 905 3191 dou,
915 3128 1007 3193 [laprio
1017 3130 1226 3192 percutiebant.“
1249 3130 1379 3181 Valckea.

236 3196 275 3244 tio
287 3193 441 3244 Herodotus
454 3194 649 3256 transmiserim
673 3195 700 3244 id
716 3210 781 3245 vero
833 3195 869 3245 ad
890 3195 961 3245 haec
984 3195 1149 3248 illustranda
1174 3198 1260 3249 affert
1275 3198 1381 3260 Thucy·

235 3263 295 3312 iure
308 3261 375 3311 mihi
392 3262 557 3312 contendere
575 3263 685 3313 videtur
696 3262 781 3313 Grote
832 3263 887 3312 did.
902 3264 933 3323 V,
946 3262 1134 3329 bombicina
1147 3268 1206 3317 vid.
1217 3260 1380 3329 Blomfield.]

236 3329 254 3380 l.
273 3330 292 3380 l.
304 3342 368 3394 pag.
384 3328 432 3379 167
444 3330 577 3380 Herodoti
594 3331 781 3381 narrationem
833 3330 895 3380 coll.
909 3331 1033 3396 Xenoph.
1047 3332 1159 3385 Hellen.
1174 3336 1228 3388 111.
1241 3351 1270 3401 p.
1280 3334 1338 3394 287,
1350 3332 1381 3381 28

234 3398 324 3447 videri
338 3413 412 3459 eam,
427 3413 497 3462 quae
511 3398 545 3447 ad
557 3413 651 3448 verum
663 3399 781 3448 maxime
833 3395 891 3463 [111‚
902 3399 926 3448 2.
939 3401 963 3461 §-
973 3399 1004 3447 21
1028 3406 1056 3451 et
1065 3401 1189 3455 Pausan.
1202 3404 1250 3465 Vl,
1261 3404 1287 3461 2,
1300 3401 1382 3452 idem·

237 3466 361 3515 accedat.
384 3464 465 3531 Apud
476 3465 626 3516 Diodorum
639 3467 686 3526 xl,
703 3466 734 3516 15
746 3465 780 3516 de
833 3472 990 3531 quemonet
1017 3465 1322 3537 απίζειυεσσοόσὶβδω
1331 3485 1382 3520 πα-

172 3554 176 3559 ·
236 3532 297 3597 ipsa
310 3533 408 3582 ducum
422 3535 598 3584 contentione
613 3533 781 3584 nihiltradi·
832 3530 917 3596 τάξαι
941 3534 986 3585 vel
1010 3539 1144 3598 πταῖσαι,
1176 3538 1270 3590 baculo
1292 3524 1380 3602 scrire,

235 3604 293 3661 ταις
316 3601 345 3648 in
358 3599 477 3650 concilio
493 3601 528 3651 ab
546 3602 672 3653 omnibus
689 3603 782 3667 copia·
832 3605 950 3652 caedere.
986 3604 1029 3652 Tu
1047 3605 1118 3655 cons.
1134 3621 1248 3673 quoque
1262 3604 1382 3658 Lobeclr.

234 3683 293 3716 rum
315 3667 429 3717 ducibus
452 3668 547 3719 habito
570 3669 605 3719 de
627 3669 701 3727 loco,
727 3684 780 3734 quo
833 3669 867 3719 ad
886 3669 1033 3734 Phrynieh.
1052 3689 1078 3737 p.
1099 3672 1147 3723 175
1162 3690 1241 3740 seq,
1262 3673 1382 3725 Nitzsclr.

233 3749 328 3799 pugna
340 3735 449 3786 navalis
462 3737 656 3786 committenda
667 3737 782 3798 sit,Pe-
832 3737 1001 3802 Sagenpoda.
1020 3739 1045 3788 d.
1065 3739 1178 3791 Griech.
1218 3741 1306 3794 .30⁴l.
1345 3742 1383 3790 Ac

234 3802 411 3867 loponnesioa
428 3803 476 3854 ille
493 3805 578 3853 tradit
600 3805 634 3855 de
651 3819 702 3855 aaa
719 3810 780 3855 tan·
831 3806 971 3869 pertinent
995 3808 1047 3857 huc
1060 3866 1065 3882 Ι
1077 3809 1123 3873 qui
1148 3759 1317 3877 όαέδοῦχυι
1341 3808 1383 3860 vel

235 3874 293 3918 tum
305 3869 496 3921 incolumitate
512 3871 648 3923 sollicitos
666 3872 781 3922 adlstb·
832 3875 916 3922 etiam
934 3867 1114 3940 όαβδοφορσι
1131 3884 1290 3941 vocantur,
1311 3880 1384 3928 iussa
1457 3896 1458 3903 ι

234 3952 442 4054 pppreqepugnare
454 3939 589 3999 voluisse,
607 3940 656 3990 sed
668 3940 779 4057 lrhemid
829 3941 867 4057 qu
886 3941 1082 3993 Hellanodicia'
1100 3953 1307 4012 exsequentem
1330 3945 1384 3997 md.

235 4022 376 4123 anulii
390 4022 778 4153 titilutluflttut.
830 4010 1386 4145 ..tltstitututtttltt.

234 4139 478 4219 tandem‘caeter‘is
490 4143 661 4221 persuasisse
675 4142 778 4204 (απαν-
826 4146 948 4207 ferdere,
959 4162 1084 4212 parparus.
1108 4146 1192 4199 Cous.
1205 4150 1312 4201 Suidaa
1324 4166 1346 4201 s.
1358 4164 1383 4199 v.

234 4221 285 4264 τας
297 4201 411 4258 ἔπεισεν
422 4224 500 4290 antip
512 4203 688 4276 συμψήφους
700 4205 778 4276 γενέ·
829 4213 848 4263 1.
873 4229 937 4279 pag.
960 4213 1019 4265 283.
1048 4215 1194 4267 Plutarch.
1217 4219 1324 4270 Pericl.
1348 4216 1384 4267 ld.

233 4274 324 4355 σθαι).
353 4276 412 4326 Nec
425 4292 514 4342 magis
531 4277 564 4328 de
576 4279 618 4329 his
631 4279 777 4345 quidquam
828 4279 1243 4338 Aristid.13tin.C.Gracch.3
1257 4288 1320 4337 init.
1332 4287 1385 4336 De·

233 4343 319 4393 tradit
331 4342 475 4396 Cornelius
486 4346 590 4412 Nepos,
611 4348 688 4397 cuius
705 4347 777 4398 haec
828 4354 906 4400 metr.
916 4348 949 4401 32
961 4351 1032 4401 med.
1045 4350 1145 4402 Anton.
1156 4350 1204 4403 73.
1223 4354 1305 4406 Male
1317 4367 1386 4405 uuus
