2826 5132
193 372 254 435 352
558 404 561 407 ι
624 315 898 428 HERODO'Il

146 553 186 616 93
195 543 354 628 κατέλαβε
378 536 529 627 Εὐήνιον
551 541 686 629 πρῆγμα
707 535 846 609 τοιόνδε.
872 534 965 608 Ἐστι
995 540 1032 606 ἐν
1060 539 1103 627 τῇ
1126 532 1332 624 Ἀπολλωνίῃ

192 640 295 730 ταύτῃ
315 639 370 731 ἱρά
387 636 484 729 ἡλίου
502 637 669 729 πρόβατα,
695 637 736 708 τά
758 637 816 721 τάς
839 639 901 728 μὲν
925 634 1048 728 ἡμέρας
1071 636 1226 725 βόσκεται
1244 633 1334 725 παρά

191 739 356 832 ποταμὸν,
385 736 421 822 ὃς
453 744 489 811 ἐκ
512 738 685 831 Λάκμονος
713 737 830 833 οὔρεος
855 743 923 831 βίοι
947 737 1002 809 διά
1025 742 1083 827 τῆς
1110 735 1334 826 Ἀπολλωνίης

152 978 154 981 .
191 939 266 990 Ionio
282 944 352 1003 aiau,
371 955 423 1004 quo
438 936 626 988 meridionalia
639 936 737 987 Adria·
789 953 849 988 eum
860 937 945 988 latior
956 934 1132 987 sitvocabuli
1143 938 1282 998 potestas,
1294 933 1334 982 in·

190 1007 241 1056 tici
254 1008 337 1056 maris
349 1022 413 1072 pars
423 1004 604 1071 significatur,
618 1009 687 1054 nott.
701 1004 736 1053 ad
787 1006 875 1070 deque
897 1005 995 1054 maluit
1017 1004 1131 1053 reddere
1147 1017 1217 1051 voce
1236 1001 1334 1050 dubia:

191 1075 236 1135 Vl,
253 1074 308 1124 127.
331 1075 372 1123 Ad
385 1074 497 1123 verbum
509 1067 649 1138 κατέλαβε
662 1070 734 1122 conf.
785 1088 891 1136 pecora.
910 1073 986 1122 ldem
998 1072 1131 1135 deinceps
1143 1069 1268 1119 conferri
1278 1066 1337 1117 vult

191 1146 259 1190 nott,
278 1142 313 1190 ad
331 1142 372 1203 ll,
391 1140 425 1190 66
442 1141 504 1190 coll.
523 1155 606 1205 supra
624 1140 677 1201 IX,
691 1138 733 1189 60.
787 1139 878 1190 Schol.
893 1139 928 1190 ad
940 1140 985 1189 111.
996 1139 1069 1201 XIV,
1083 1139 1138 1187 124.
1158 1136 1297 1186 Euataeh.
1308 1136 1336 1184 in

192 1208 246 1269 Qui
275 1209 390 1258 eandem
418 1209 512 1258 urbem
542 1210 736 1257 commemorat
786 1208 911 1258 Erotinn.
929 1223 992 1273 pag.
1012 1206 1083 1256 aas.
1101 1203 1152 1255 302
1168 1204 1213 1253 ed.
1232 1204 1335 1252 Franc.

190 1276 355 1337 Pausanias,
369 1276 414 1338 VI,
431 1276 470 1324 14.
483 1278 506 1336 §-
519 1276 535 1324 5
547 1275 591 1338 (V,
604 1275 646 1324 22.
659 1276 684 1335 ξ.
697 1274 733 1337 2),
786 1276 833 1325 Sic
846 1276 874 1324 in
887 1274 958 1325 Plat
973 1276 1060 1339 Legg.
1074 1274 1122 1322 111.
1134 1287 1161 1351 ρ.
1174 1270 1227 1320 694
1237 1272 1262 1320 Ε
1276 1273 1335 1319 iun-

191 1342 263 1392 idem
281 1343 385 1392 adiecit
403 1341 453 1407 τῆς
471 1333 503 1392 ἐν
522 1332 612 1408 Ἰονίῳ
628 1339 734 1404 κόλπῳ,
787 1348 887 1407 guntur
898 1341 1018 1408 ποίμνια
1028 1337 1229 1403 salaputium,
1243 1339 1273 1387 in
1284 1339 1336 1387 Xe-

191 1410 328 1472 consnlto,
354 1418 385 1459 ut
408 1410 529 1471 videtur,
555 1425 606 1474 quo
631 1409 734 1460 haecce
786 1410 917 1474 nophont
936 1408 1088 1473 Cyropaed.
1105 1408 1171 1464 Vll,
1187 1405 1219 1468 3,
1239 1407 1255 1454 7
1274 1412 1338 1481 post

190 1479 269 1542 urbs,
294 1478 329 1527 ad
345 1494 420 1528 mare
438 1478 608 1526 Adriaticum
626 1479 682 1526 sita
698 1475 734 1525 ab
786 1474 1341 1541 fioieetimcooecommemorantnrzpo·

191 1545 255 1593 aliis
278 1545 399 1594 eiusdem
420 1546 538 1594 nominis
560 1544 672 1593 urbibus
694 1543 734 1592 di·
786 1542 868 1610 βατά.
898 1545 940 1593 Tu
952 1544 1005 1594 uid.
1018 1548 1087 1593 nott.
1101 1542 1176 1599 adl,
1192 1539 1244 1591 133
1257 1547 1288 1590 et
1301 1540 1336 1601 ll,

190 1613 377 1677 stingueretur
389 1612 583 1677 compluribus.
611 1610 736 1660 Corinthi
785 1611 831 1669 41,
844 1612 893 1661 ubi
904 1612 975 1661 haec
986 1611 1117 1676 legimns:
1135 1602 1187 1666 τάς
1199 1606 1275 1674 βοῦς
1287 1602 1338 1665 τάς

191 1680 244 1728 luit
257 1680 380 1741 colonia,
400 1687 471 1729 teate
484 1678 645 1742 Thucydide
657 1679 679 1735 l,
691 1676 734 1740 ab,
786 1673 895 1744 θηλέας
907 1674 1039 1744 σέβονται
1056 1670 1247 1743 προβάτων
1264 1672 1337 1725 πάν·

190 1753 296 1797 remota
308 1747 403 1797 decem
420 1747 512 1796 stadia
525 1747 560 1795 ab
572 1746 631 1796 Aoo
644 1746 734 1805 fluvio,
785 1762 841 1796 των
853 1740 983 1811 μάλιστα,
998 1746 1121 1805 coll-IV,
1134 1744 1177 1794 61.
1196 1744 1270 1793 Inde
1284 1744 1338 1793 Νο·

190 1817 338 1879 sexaginta
359 1816 417 1863 lere
441 1814 533 1863 stadia
555 1829 572 1863 a
597 1815 679 1872 mari,
705 1820 735 1862 ut
785 1820 851 1877 ster,
865 1815 913 1863 ubi
925 1828 979 1864 non
991 1813 1073 1874 bores,
1087 1812 1136 1863 sed
1148 1827 1210 1862 oves
1220 1812 1283 1861 sive
1295 1827 1337 1860 ce-

189 1882 280 1947 prodit
297 1882 396 1931 Strabo
414 1881 523 1946 lV11.p.
537 1879 588 1931 316
605 1896 626 1930 s.
640 1880 691 1929 466
701 1881 733 1930 Β.
782 1898 849 1946 praa
858 1881 978 1947 intelligi
987 1881 1081 1942 voluit,
1093 1879 1221 1930 consulto
1232 1879 1336 1928 dixisse

191 1949 253 1999 ooll.
268 1951 349 1998 Ilion.
364 1948 441 1998 Cass.
450 1949 520 2009 XLI,
534 1948 587 2011 45),
599 1948 660 1998 loco
673 1963 733 2013 per·
785 1948 893 1999 videtur
908 1943 943 1998 τά
961 1941 1049 1998 λεπτά
1067 1947 1123 1997 τῶν
1138 1938 1300 2012 προβάτων
1317 1947 1339 2007 l,

191 2032 271 2081 quam
280 2021 443 2081 opportuno:
457 2016 529 2065 unde
540 2016 682 2065 Ciceronis
691 2021 733 2064 tu·
788 2015 843 2067 133.
856 2017 937 2079 VIII,
954 2014 1010 2068 137.
1040 2015 1125 2065 Borea
1142 2016 1241 2078 itaque
1255 2014 1338 2063 intel·

189 2084 223 2133 lit
240 2083 336 2133 laudes
354 2085 382 2131 in
399 2083 519 2148 Philipp.
532 2083 584 2141 xl,
605 2083 649 2144 ll;
668 2083 734 2147 quin
783 2084 872 2149 ligere
890 2084 950 2149 quia
968 2082 1061 2145 malit,
1079 2082 1158 2132 modo
1174 2082 1206 2131 id
1219 2087 1338 2143 certum,

190 2152 288 2200 studiis
311 2152 453 2200 literarum
477 2149 590 2199 multum
618 2150 733 2216 posthac
785 2153 814 2201 in
823 2150 1238 2217 bisregionibnsboumgreges
1246 2151 1338 2215 pasci,

189 2220 288 2268 floruit.
325 2219 385 2268 Vid.
410 2217 510 2268 Cellar.
528 2218 673 2280 Notitll,
694 2216 732 2267 13.
785 2234 873 2283 neque
891 2224 997 2269 tantum
1013 2217 1165 2269 osiumeire
1181 2233 1337 2281 caprarius,

189 2302 253 2350 pag.
271 2284 341 2344 1026,
360 2286 497 2334 Mannert.
515 2284 577 2333 Vll.
594 2300 659 2350 pag.
673 2282 733 2334 399.
785 2287 952 2351 quas-ipsas
974 2285 1171 2351 intelligendas
1196 2301 1264 2335 ease
1291 2283 1338 2333 dc·

189 2355 283 2418 Poppo
294 2354 315 2413 I,
325 2355 350 2403 2.
364 2369 428 2418 pag.
442 2351 499 2415 128,
512 2352 690 2417 Pouqueville
704 2354 733 2401 in
786 2354 894 2403 clarere
911 2355 939 2403 id
955 2353 1080 2415 videtur,
1098 2352 1169 2418 qnod
1180 2353 1339 2429 sexaginta

189 2421 285 2470 Itiner.
292 2422 314 2470 1.
326 2420 436 2486 cap.21,
451 2425 480 2469 et
492 2420 537 2484 qui
546 2421 638 2469 omnia
651 2425 678 2469 et
686 2435 732 2469 ve·
784 2421 871 2470 ferme
889 2420 946 2471 τῶν
962 2413 1114 2487 προβάτων
1131 2419 1339 2483 maeldum

188 2494 277 2537 terum
288 2495 315 2538 et
325 2490 508 2539 recentiorum
520 2489 684 2553 scriptorum
693 2493 733 2536 te·
785 2481 867 2538 λύκοι
885 2480 914 2546 ἐς
924 2483 956 2538 τὸ
968 2478 1076 2551 άντρον
1090 2481 1291 2552 διέφθειραν,
1307 2493 1340 2536 ut

189 2557 319 2606 stirnonia
329 2556 448 2618 exhibet,
461 2555 609 2620 Forbiger:
622 2556 733 2604 Handb.
784 2572 845 2605 mox
856 2555 988 2621 legimns:
1007 2572 1079 2622 quae
1091 2556 1218 2621 proiecto
1231 2555 1339 2605 nonde

188 2625 215 2673 d.
229 2625 277 2673 alt.
292 2623 447 2689 Geograph.
460 2624 508 2672 Ill.
523 2639 549 2688 ρ.
560 2621 619 2672 649.
636 2623 733 2672 Adhuc
783 2623 884 2686 bubus,
903 2624 952 2674 sed
963 2624 996 2673 de
1010 2625 1103 2689 capris
1115 2623 1275 2688 ovibusque
1292 2638 1340 2671 ae-

188 2693 341 2756 Apollorriae
354 2693 456 2742 veteris
470 2690 604 2755 quaedam
618 2705 732 2739 cernun-
784 2692 913 2756 cipieuda
926 2696 1014 2741 erunt.
1032 2695 1121 2755 Atque
1135 2691 1222 2740 boves
1236 2691 1275 2740 ad
1288 2690 1340 2740 So·

188 2768 232 2808 tur
253 2760 364 2821 ruinae,
390 2758 487 2822 quibus
508 2773 607 2807 nomen
623 2759 732 2816 Polline,
783 2758 818 2808 lie
831 2759 932 2808 cultum
949 2763 1091 2824 spectasse
1107 2773 1279 2824 quamquam
1292 2773 1340 2807 ss·

189 2826 260 2891 quod
280 2826 368 2890 ipsum
393 2841 408 2875 e
429 2831 523 2875 vetere
545 2824 732 2890 appellatione
783 2827 819 2876 tie
833 2831 993 2889 cathetum,
1010 2832 1104 2876 tamen
1121 2824 1189 2875 nihil
1203 2826 1337 2890 impedit

188 2893 370 2958 deprevatum
384 2907 444 2942 esse
457 2908 536 2943 nemo
548 2907 603 2942 nou
615 2894 709 2943 sentit.
784 2909 836 2958 quo
859 2895 948 2944 minus
965 2894 1083 2944 aliarum
1100 2907 1206 2958 quoque
1225 2894 1339 2943 bestia-

783 2977 841 3011 rum
857 2977 956 3027 greges
972 2963 1032 3013 eive
1050 2963 1140 3012 culum
1155 2961 1217 3010 eive
1231 2975 1339 3026 capra-

366 3059 424 3110 ΟΜ,
452 3059 544 3110 XCIII
783 3044 854 3091 rum,
874 3030 973 3094 quippe
988 3044 1057 3094 quae
1070 3030 1100 3078 in
1111 3028 1154 3077 his
1168 3028 1340 3093 regionibns

426 3096 432 3109 '
533 3097 552 3139 ι’
782 3098 953 3162 potissimum
966 3096 1087 3155 aluntur,
1106 3095 1165 3145 Soli
1180 3094 1341 3146 dedicatos

213 3151 290 3213 Ἐστι
313 3152 345 3213 ir
366 3161 401 3229 τῇ
420 3151 589 3227 Ἀπολλωνίῃ
609 3177 636 3211 κ.
652 3177 676 3209 τ.
695 3159 730 3227 λ]
782 3165 868 3213 inisse
902 3166 1046 3215 credamus
1080 3162 1199 3227 indeque
1236 3179 1340 3213 sacro·

187 3231 289 3296 Attigit
306 3229 517 3280 haeelinstath.
536 3220 729 3293 aidOdyea.X,
783 3237 894 3282 sanctos
929 3238 1011 3297 atque
1044 3230 1222 3281 inviolabiles
1252 3230 1339 3281 habi-

189 3297 238 3349 136
251 3304 279 3348 et
290 3297 350 3349 260.
364 3313 427 3364 pag.
443 3297 520 3358 1717,
534 3298 575 3346 44.
593 3312 615 3346 ο.
628 3296 691 3360 482,
704 3296 730 3358 9,
782 3305 838 3349 tos:
859 3314 939 3364 quam
956 3299 985 3348 in
1001 3315 1057 3349 rem
1074 3298 1154 3364 plura
1171 3297 1339 3364 disputavit

186 3368 235 3418 nbi
260 3367 331 3417 haec
354 3367 495 3431 leguntur:
522 3355 675 3428 Ἡρόδοτος
698 3357 731 3414 δὲ
782 3367 897 3417 Nitzech
908 3367 943 3417 ad
954 3366 1122 3430 Odysahll,
1138 3366 1194 3414 127.
1206 3366 1339 3432 psgffli

188 3429 298 3513 intepet
307 3426 339 3485 ἐν
350 3432 388 3498 τῷ
403 3423 493 3497 Ἰονίῳ
505 3426 602 3499 κόλπῳ
615 3425 678 3496 isqui
692 3426 731 3482 el·
782 3449 872 3499 seqq.;
892 3435 1098 3500 attigeruntque
1111 3434 1195 3483 etism
1210 3435 1338 3485 laeena:

187 3519 236 3553 ναι
248 3502 332 3568 ηλίον
344 3494 474 3585 πρόβατά
485 3496 551 3563 srael
564 3499 671 3551 πολλοῦ
683 3489 731 3549 ὄν·
781 3502 953 3552 Vermischte
966 3502 1080 3552 Schrilt.
1092 3502 1138 3551 VI.
1156 3516 1222 3566 pag.
1238 3500 1293 3551 167
1308 3513 1341 3552 et

186 3573 291 3629 πανοῖς
302 3558 730 3631 ἐκείλπολλωνιάταις,οἷςάπό
782 3569 878 3619 Grote:
906 3570 1021 3633 History
1041 3570 1072 3620 ol
1091 3569 1197 3619 Greece
1220 3570 1242 3619 1.
1267 3585 1340 3636 esp.

186 3632 276 3688 τόπον
288 3633 320 3687 τὸ
333 3629 433 3702 ὄνομα.
467 3637 544 3687 Adde
558 3637 672 3699 Conon,
686 3637 732 3701 qui
780 3637 852 3686 XVI.
864 3652 927 3702 pag.
936 3635 988 3686 465
998 3638 1041 3699 (Τ.
1052 3638 1074 3686 Ι.
1086 3652 1151 3702 pag.
1162 3634 1216 3686 316
1228 3653 1243 3686 e
1255 3652 1340 3689 vers.

185 3707 296 3756 Narrat.
311 3720 370 3770 cap.
383 3704 417 3755 30
429 3705 587 3755 Herodotea
599 3704 730 3769 compila·
780 3720 865 3769 germ.
878 3704 1024 3766 Fischeri).
1042 3704 1145 3754 Eodem
1158 3710 1254 3754 sutem
1269 3709 1339 3771 opi·

186 3774 241 3833 rit,
259 3788 308 3838 pro
325 3764 451 3838 Εὐήνιος
471 3771 516 3836 (de
535 3772 665 3838 qno,ipeo
682 3786 729 3821 no·
779 3787 829 3822 nor
850 3776 962 3836 spectat
979 3787 1085 3838 qnoque
1104 3772 1204 3822 Euenii
1225 3788 1338 3838 ροεοι,

187 3841 259 3889 miue
277 3856 310 3889 ac
328 3840 462 3891 similibus
480 3841 516 3890 cl.
529 3842 668 3890 Lctronne
685 3838 728 3889 in:
779 3838 917 3890 oculorum
934 3839 1037 3889 lumine
1054 3840 1170 3905 privati,
1188 3846 1221 3890 ut
1237 3843 1340 3904 quiin

186 3908 302 3957 Journal
320 3909 344 3958 d.
358 3909 422 3958 Sar.
437 3904 509 3957 1646.
526 3923 590 3972 pag.
606 3906 663 3969 173)
679 3923 727 3972 ρο·
779 3907 862 3959 Solem
874 3922 895 3956 s.
908 3911 986 3957 lucem
998 3906 1154 3972 deliquerit
1165 3933 1197 3943 —
1209 3909 1251 3957 Ad
1267 3924 1340 3959 ver·

186 3990 255 4024 nens
282 3968 452 4040 Πειθήνιος,
497 3974 625 4025 Pluribus
655 3975 729 4025 huno
779 3964 1336 4040 bumeipetpqplverineeqq.contvll,

185 4041 319 4092 Herodoti
338 4043 429 4094 locum
448 4044 582 4092 tractavit
598 4043 677 4092 Stein
698 4043 728 4092 in
778 4040 811 4092 83
823 4041 918 4118 ibique
929 4048 998 4092 nott,

186 4109 311 4159 VIndicc.
328 4110 471 4160 Herodott.
483 4109 601 4174 specim.
614 4125 679 4175 pag.
697 4108 729 4159 14
812 4124 891 4173 παρα
903 4102 1033 4175 ποταμὸν
1044 4124 1071 4159 κ.
1083 4125 1107 4159 τ.
1121 4107 1157 4174 L]
1175 4110 1257 4160 Hune
1279 4112 1339 4161 flu-

186 4192 257 4241 seq.,
271 4177 342 4228 unde
356 4193 427 4242 quae
440 4177 492 4226 huo
505 4177 652 4242 pertinent,
666 4192 728 4227 mox
779 4177 851 4227 vium
863 4179 945 4227 Αονοι
963 4192 1023 4229 esse
1037 4177 1161 4227 coniecit
1172 4177 1339 4228 wesselin-

187 4244 378 4294 afferemus.-
386 4240 517 4309 πρόβατα
528 4259 591 4293 nuru
601 4259 660 4294 ovea
669 4246 727 4294 lue·
779 4245 852 4310 gius,
866 4246 911 4295 cni
921 4245 1181 4310 obloquiturPoppo
1191 4243 1208 4294 l.
1219 4243 1246 4301 I.
1261 4260 1340 4297 eum

186 4312 242 4363 rint
253 4328 289 4362 au
300 4312 387 4378 borea,
401 4312 509 4363 dubitat
517 4311 727 4378 Wesaelingius,
778 4314 851 4363 Aous
868 4327 918 4378 per
929 4313 1046 4363 mediam
1059 4312 1128 4362 fluat
1140 4310 1339 4377 Apolloniam,
