2866 5134
350 405 408 463 DE
431 405 535 463 VITA
557 405 615 462 ΕΤ
637 403 830 463 SCRIPTIS
852 402 1087 463 HERODOTI.
1223 408 1284 468 467

147 573 190 625 his
212 573 398 640 constituere,
421 574 568 644 inquibus
590 582 686 626 nostra
706 592 739 627 ex
759 575 898 627 sententia
914 574 1074 627 Herodotus
1090 575 1214 628 variasse
1235 592 1286 627 neo

148 675 227 711 unam
246 665 350 710 tantum
368 660 479 711 formam
499 668 612 711 secutus
627 677 689 712 esse
710 658 866 712 censendus
887 666 939 711 est.
980 659 1103 712 Haecin
1126 660 1285 713 universum

146 743 220 795 dicta
237 742 361 796 hocloco
377 745 532 797 scindant:
560 743 594 795 de
614 744 734 812 singulis
754 744 849 797 formis
864 743 1061 815 vocabulisque
1078 745 1145 815 quid
1160 750 1285 797 statuen-

145 828 209 881 dum
224 828 304 881 nobis
317 828 476 898 videretur,
490 829 518 881 iu
535 828 759 882 annotationibus
776 829 966 882 indicavimus.

232 913 377 967 Caeterum
399 914 443 966 vel
459 932 492 967 ex
514 913 562 979 iis,
586 930 657 983 quae
676 931 764 982 pauca
785 914 811 966 h.
833 913 850 966 l.
874 913 1051 983 protulimus,
1081 914 1150 967 satis
1171 914 1284 983 patebit,

145 998 217 1051 hauc
228 1004 312 1051 totam
327 999 530 1068 quaestionem,
547 999 651 1051 summai
664 998 731 1052 curri
745 1018 777 1052 ac
790 998 935 1066 diligantid
950 1016 966 1050 a
981 999 1049 1051 viris
1064 998 1152 1051 doctis
1171 1005 1285 1053 nostrae

144 1083 245 1135 aetatis
256 1090 398 1135 tractatam
410 1084 455 1136 vix
470 1100 589 1154 uuquam
599 1083 632 1135 ad
645 1084 724 1137 finem
737 1084 850 1153 perduci
862 1101 1033 1153 prorsusque
1045 1083 1187 1153 profligari
1201 1102 1285 1153 posse

144 1176 260 1238 propter
274 1168 405 1221 librorum
420 1163 620 1239 scriptorum*)
640 1176 668 1221 et
683 1169 908 1235 inconstantiam,
925 1186 1005 1238 quam
1018 1170 1046 1220 iu
1063 1168 1215 1222 huiusmodi
1229 1170 1285 1221 ior·

144 1254 195 1305 mis
212 1271 305 1309 omnes
320 1253 408 1306 adhuc
422 1254 525 1321 cogniti
542 1255 691 1324 praebent,
710 1261 738 1306 et
752 1253 928 1322 pravitatem,
951 1254 976 1306 si
991 1253 1098 1323 quidem
1114 1255 1142 1306 in
1159 1254 1284 1306 omuibus

144 1336 286 1391 codicibus
307 1338 486 1407 reperiuntur
502 1339 573 1391 haud
593 1355 681 1409 pauca
695 1338 806 1406 menda,
834 1356 904 1408 quae
922 1356 980 1391 cum
1000 1340 1125 1391 omnihus
1140 1339 1198 1390 sint
1212 1356 1280 1391 com·

144 1421 308 1489 munia**),
325 1441 340 1475 e
355 1424 504 1492 depravato
523 1423 668 1492 exemplari
683 1441 748 1491 eos,
765 1422 813 1493 qui
829 1423 918 1475 adhue
933 1424 1101 1492 superstites
1113 1430 1193 1489 sunt,
1210 1424 1284 1476 codi-

144 1525 192 1560 ces
214 1508 314 1560 ductos
332 1526 394 1560 esse
414 1505 614 1577 apparet***):
643 1527 693 1561 nec
714 1508 809 1560 mirum
833 1509 882 1560 hoc
905 1507 993 1560 videri
1014 1507 1131 1577 poterit,
1153 1508 1212 1561 cum
1233 1509 1285 1560 ium

142 1592 311 1645 Philemonis
333 1590 425 1664 (quem
443 1592 476 1644 ad
492 1592 737 1646 Alexandrinorum
753 1600 874 1662 tempora
889 1594 1015 1645 referunt
1028 1593 1141 1645 Homeri
1155 1602 1183 1645 et
1198 1594 1284 1645 inter-

142 1686 249 1747 pretem
265 1684 293 1728 et
307 1676 444 1744 criticum)
459 1683 487 1729 et
497 1677 645 1730 Alexandri
657 1677 825 1745 Cotyaiensis
840 1686 930 1730 aetate
944 1676 1028 1730 multa
1043 1678 1139 1730 menda
1153 1678 1180 1729 in
1197 1678 1284 1730 Hero-

142 1762 202 1814 doti
219 1762 296 1814 libris
313 1761 425 1830 scriptis
441 1764 621 1832 ferrentur†)
637 1762 754 1832 ipseque
772 1763 936 1815 Aristoteles
957 1768 984 1814 et
999 1761 1163 1815 Plutarchus
1178 1762 1286 1815 initium

142 1847 238 1916 operis
252 1846 402 1900 Herodotei
424 1864 476 1899 sus
489 1848 611 1916 ipsorum
628 1854 718 1900 aetate
733 1847 814 1900 aliter
828 1854 911 1917 etque
928 1864 1001 1899 nunc
1016 1847 1117 1916 legitur
1138 1865 1152 1899 e
1166 1847 1284 1916 scripto·

141 1949 203 1984 rum
226 1931 356 1984 librorum
385 1932 547 1985 auctoritate
579 1932 702 1985 exhiberi
721 1932 931 1999 testentur††).
977 1933 1041 1994 Quo
1065 1933 1158 1985 eodem
1182 1934 1283 1998 refero,

140 2018 219 2086 quod
246 2035 261 2068 a
283 2016 472 2069 Grammaticis
495 2017 610 2070 Graecis
633 2035 714 2070 voces
737 2018 918 2086 proferuntur
940 2017 1131 2083 Herodotese,
1156 2034 1226 2087 quae
1250 2018 1285 2069 ab

140 2102 270 2153 omnibus
284 2102 419 2154 Herodoti
437 2101 593 2168 codicibus,
618 2108 756 2173 quotquot
775 2102 916 2169 novimus,
938 2102 1055 2169 absunt3
1079 2102 1137 2155 vid.
1159 2109 1229 2155 nott.
1251 2102 1285 2154 ad

138 2187 180 2253 ll,
200 2188 261 2239 158.
279 2186 339 2241 Vol.
357 2187 380 2238 Ι.
396 2202 459 2255 pag.
474 2190 524 2240 795
532 2188 614 2253 ΙΙΙ).
726 2200 744 2229 N

228 2270 305 2322 Haec
322 2272 347 2322 si
360 2271 431 2340 ipsis
442 2271 565 2341 antiquis
577 2272 746 2342 temporibus
762 2271 957 2337 inveniuntur,
975 2290 1053 2324 nemo
1068 2273 1192 2342 profecto
1206 2271 1272 2323 mira

137 2358 237 2421 bitur,
252 2356 281 2407 in
298 2355 334 2407 iis
350 2356 427 2408 libris
444 2356 571 2425 scriptis,
588 2357 635 2425 qui
650 2357 683 2407 ad
699 2364 820 2409 nostram
835 2364 951 2409 aetatem
964 2363 1154 2426 pervenerunt
1167 2374 1198 2408 ac
1212 2357 1284 2409 deci-

138 2459 212 2496 mum
233 2458 258 2493 a.
275 2440 341 2494 Chr.
361 2441 542 2493 nubeculam
563 2458 617 2493 non
640 2447 790 2511 superant,
815 2442 894 2511 plura
913 2441 981 2494 adeo
1001 2442 1118 2511 reperiri
1136 2441 1234 2495 menda
1258 2448 1285 2493 et

141 2526 209 2579 vitia
233 2525 280 2577 vix
301 2543 417 2594 prorsus
433 2525 567 2578 tollenda:
595 2543 666 2596 quae
686 2524 796 2594 singula
815 2526 940 2578 hocloco
961 2528 1088 2593 prolerre
1103 2543 1158 2579 non
1174 2527 1282 2595 attinet,

144 2628 203 2663 curu
222 2610 252 2662 in
269 2609 493 2663 adnotationibus
509 2627 560 2662 suo
577 2628 704 2680 quaeque
717 2610 776 2662 luco
791 2610 911 2664 indicata
925 2611 1101 2681 reperiantur
1116 2618 1199 2681 atque
1215 2610 1283 2663 idem

145 2689 355 2766 Bredovius*†)
372 2695 582 2763 diligentissime
603 2697 653 2748 hoc
671 2702 757 2748 totum
778 2695 934 2749 mendorum
952 2712 1041 2764 genus
1058 2696 1095 2748 sit
1109 2703 1282 2766 persecutus.

143 2779 244 2850 Neque
261 2779 332 2832 cuim
350 2786 455 2832 tantum
470 2779 497 2831 in
520 2780 675 2849 scripturae
689 2780 901 2850 depravatione,
925 2781 942 2836 i.
958 2800 984 2836 e.
1000 2782 1028 2832 iu
1044 2782 1139 2834 formis
1156 2780 1284 2834 vocibus-

140 2882 196 2935 que
212 2863 372 2934 depravatis
384 2871 433 2919 eut
444 2865 589 2918 verborum
602 2865 698 2918 ordine
712 2866 823 2919 turbato
839 2866 905 2921 haec
917 2867 1014 2920 menda
1027 2866 1218 2934 inveniuntur,
1233 2883 1284 2918 ve-

208 3045 234 3111 *j
254 3047 329 3109 Quos
340 3062 444 3113 paucos
457 3048 565 3097 omniuo
579 3064 736 3113 superesse,
754 3048 932 3098 manifestum
949 3049 1003 3099 erit
1017 3048 1112 3113 exiis,
1130 3064 1202 3114 quae
1214 3049 1237 3109 ἕ.
1255 3047 1285 3097 18

204 3123 235 3165 ta
250 3121 321 3165 sunt.

141 3117 250 3246 ι11ΕΜ)
268 3184 370 3234 Referu
382 3183 448 3241 hue,
461 3188 492 3233 ut
503 3183 633 3234 nonnulla
648 3188 722 3235 certe
737 3184 862 3250 exempla
874 3185 1028 3246 sublicium,
1041 3185 1199 3235 mendosum
1210 3177 1283 3246 ripoi-

137 3267 226 3319 μενοι
238 3252 259 3306 l,
272 3251 314 3314 27,
328 3251 375 3301 ubi
387 3251 442 3301 vid.
455 3256 538 3313 nott.;
558 3244 761 3317 διεπρήστευσε
773 3252 822 3310 IV,
835 3251 870 3301 79
883 3253 940 3315 (ubi
952 3253 1007 3302 vid.
1022 3250 1111 3315 nott),
1132 3253 1209 3302 cuius
1222 3251 1284 3301 loco

138 3320 313 3386 reposuimus
332 3316 548 3385 diedericum
568 3311 868 3379 ioculdduroV11,8ll
886 3319 943 3381 (ubi
959 3320 1015 3370 vid.
1028 3320 1124 3381 nott),
1143 3317 1214 3383 quod
1227 3335 1283 3368 mu-

138 3390 262 3439 tavimus
282 3389 311 3437 iu
330 3378 480 3448 ἔστάΙατος
501 3379 702 3452 ἓγκεχρημὲνοι
719 3388 785 3450 VII,
807 3386 867 3446 145,
890 3388 960 3451 quud
977 3403 1050 3436 nune
1073 3387 1157 3436 cessit
1178 3387 1283 3436 meliori

139 3448 380 3521 ἔγκεχειρημένοι.
404 3454 468 3504 Alia
481 3456 593 3513 menda,
608 3470 678 3519 quac
692 3455 801 3505 codices
815 3454 904 3504 adhue
922 3456 1085 3519 superstites
1098 3468 1228 3518 superare
1242 3454 1283 3503 vi·

139 3525 255 3583 dentur,
269 3524 425 3573 notavimus
439 3522 473 3572 ad
485 3524 513 3583 1,
527 3522 569 3573 32.
585 3523 640 3572 tut.
657 3523 722 3583 VII,
739 3521 799 3582 1623
818 3523 966 3586 eodemque
984 3522 1161 3587 pertinebunt
1178 3537 1284 3571 errores

139 3594 202 3642 sive
215 3591 286 3641 vitia
297 3591 325 3640 in
338 3591 457 3640 numeris
470 3590 542 3640 haud
555 3590 639 3641 semel
653 3591 749 3642 obvia:
769 3591 805 3641 cf.
815 3595 884 3639 nott.
896 3589 931 3639 ad
944 3591 966 3653 Ι,
981 3590 1004 3638 Ι.
1017 3589 1059 3640 32.
1072 3590 1109 3649 11,
1121 3588 1146 3639 9.
1163 3588 1219 3639 145.
1232 3590 1281 3651 ΙΙΙ,

138 3659 183 3710 95.
198 3660 231 3719 V,
245 3659 319 3708 52111
333 3658 377 3707 fin.
392 3656 496 3720 1x‚29.
510 3658 569 3719 VII,
585 3656 641 3707 187.

209 3723 264 3789 m)
284 3727 398 3787 Confer,
414 3740 483 3790 quae
497 3726 573 3776 infre
584 3729 607 3788 §.
624 3725 654 3775 18
668 3725 825 3776 afferentur.

209 3795 239 3857 †)
252 3794 307 3844 vid
316 3794 464 3859 Porphyrii
476 3794 589 3855 Quaest.
607 3794 763 3844 Homerico.
783 3809 845 3858 cap.
858 3793 874 3843 8
888 3799 917 3843 et
934 3809 1004 3858 quae
1017 3793 1097 3859 plura
1108 3794 1131 3854 ξ.
1149 3790 1179 3842 18
1191 3794 1284 3859 profe-

139 3877 244 3914 remus.

210 3930 259 3992 ΙΙ)
277 3929 340 3980 vid.
353 3934 420 3979 nott.
435 3929 469 3979 ad
484 3931 503 3989 l,
518 3929 541 3979 l.
554 3929 616 3979 Vol.
630 3931 650 3979 Ι.
665 3945 728 3995 pag.
745 3931 766 3978 l.

209 3998 279 4060 †††)
291 3999 385 4061 Neque
395 4014 460 4047 vero
473 3998 526 4047 hnc
538 3998 637 4047 referri
649 4013 730 4063 posse
742 4003 817 4061 puto,
832 3997 902 4061 quod
913 3998 985 4076 apud
995 3996 1164 4062 Stephanum
1175 3996 1282 4060 Byzan·

137 4068 229 4117 tinum
242 4065 356 4131 legitur:
375 4059 554 4142 Kulupiullq
567 4053 628 4130 ἥτις
646 4062 695 4115 nul
708 4063 883 4130 nateplvtq
901 4067 983 4123 mulir
995 4060 1118 4131 Λιβύης·
1133 4056 1283 4122 Ἑκαταῖος

136 4129 322 4199 περιηγήσει·
349 4136 480 4196 κρεῖττον
500 4148 554 4183 ουν
578 4124 616 4190 ὠς
636 4123 824 4195 Ἡρόδοτος
850 4126 899 4184 διὰ
921 4132 973 4183 τοῦ
993 4135 1009 4183 ι’
1028 4129 1109 4190 πόλις
1131 4130 1281 4183 Φοινίκων.

136 4202 230 4253 Valde
244 4202 316 4251 enim
330 4201 477 4263 credibile,
493 4191 660 4264 Ἡρόδοτος,
678 4206 708 4249 ut
721 4203 878 4266 suspicatur
889 4203 1036 4264 Meiueke,
1049 4200 1207 4251 mutandum
1221 4214 1282 4249 esse

137 4273 168 4321 in
183 4261 412 4332 Ἡρωδιανὸς,
438 4271 484 4334 qui
502 4269 530 4317 in
548 4268 617 4319 libro
635 4269 668 4318 de
682 4268 887 4335 Orthographia
904 4271 937 4320 de
955 4270 1037 4319 huius
1054 4269 1128 4318 urbis
1144 4269 1283 4331 scriptura

135 4340 340 4467 dmpwihllte
353 4422 369 4456 a
381 4422 444 4471 pag.
462 4405 491 4456 13
504 4420 579 4468 seqq.

1012 4485 1081 4553 30*
