2826 5132
633 409 949 471 OOMMENTA'I'IO

616 696 638 737 '
759 723 824 782 §.n

306 887 489 941 Exordiamur
509 905 525 939 a
546 887 614 939 locis
639 887 763 939 classicis
779 886 880 939 Suidae
896 894 924 939 et
939 888 1002 939 huli
1020 887 1114 957 Gellii,
1128 903 1236 958 quorum
1247 885 1285 937 ille
1296 884 1326 936 sic

223 972 303 1026 habet
322 973 374 1041 (Il.
390 991 418 1043 p.
437 978 471 1033 76
494 973 607 1025 Kuster.
630 990 654 1023 s.
678 972 712 1027 T.
729 972 785 1041 lp.
807 976 871 1026 1097
889 973 980 1025 Gaisl.
995 972 1056 1027 Vol.
1076 974 1096 1028 I.
1116 973 1146 1024 Ρ.
1161 976 1186 1026 2.
1201 991 1226 1041 p.
1240 973 1283 1025 893
1296 969 1326 1021 ed

223 1058 393 1125 Bernhardy,
410 1077 438 1127 p.
455 1061 506 1109 214
522 1056 589 1108 Vitt.
607 1058 722 1109 Grsecc.
739 1057 847 1126 scriptt.
864 1057 907 1110 ed.
924 1058 1155 1124 Westermsnn.):

301 1137 459 1211 Ἡρόδοτος,
474 1136 568 1207 Λύξου
594 1139 642 1195 καλ
659 1143 785 1211 Δροοῶς,
800 1136 1037 1213 Ἁλικαρνασσεύς,
1055 1145 1112 1196 τῶν
1134 1137 1279 1211 ἐπιφανῶν,
1292 1135 1328 1192 wi

221 1219 344 1295 ἀδελφὸν
363 1222 484 1296 ἒσχηκῶς
502 1221 665 1294 Θεόδωρον·
686 1224 798 1296 μετέστη
814 1220 841 1280 δ’
862 1222 892 1282 ἐν
910 1222 997 1301 Σάμῳ
1009 1223 1057 1281 διὰ
1071 1224 1222 1298 Λύγδαμιν,
1232 1222 1275 1279 τὸν
1286 1217 1328 1277 cisi

217 1305 380 1381 Ἀρτεμισίοις
400 1316 491 1381 τρίτον
506 1306 644 1381 τύραννον
666 1306 815 1381 γενόμενον
833 1307 1053 1381 Ἁλικαρνασσοῦ.
1081 1315 1237 1382 Πισίνδηλις
1249 1304 1293 1379 νύν
1304 1297 1330 1377 l'

221 1392 282 1458 οἷὸς
299 1392 476 1469 Ἀρτεμισίας,
493 1400 542 1451 τοῦ
566 1393 596 1450 δὲ
618 1392 815 1467 Πισινδηλιδος
830 1393 983 1468 Λύγδαμις.
1013 1392 1059 1452 Ἐν
1080 1388 1133 1453 σύν
1152 1401 1184 1473 τῇ
1205 1392 1282 1468 Σύμη
1296 1391 1330 1446 »αλ

220 1476 272 1552 τὴν
284 1475 359 1535 'loide
377 1476 489 1552 ἠσκήθη
504 1477 649 1536 διάλεκτον
664 1480 712 1535 καλ
731 1480 853 1551 ἔγραψεν
866 1480 989 1552 ἱστορίαν
1003 1478 1032 1538 ἐν
1044 1485 1160 1556 βιβλίοις
1180 1478 1217 1553 θ’,
1238 1473 1331 1549 ύρξᾶμῐ-

222 1586 270 1629 νος
285 1561 341 1622 ἀπὸ
358 1562 454 1636 Κύρου
473 1568 522 1621 τού
541 1565 648 1635 Πέρσου
668 1566 717 1620 καλ
732 1563 900 1622 Κανδαύλοο
919 1570 969 1622 τοῦ
986 1570 1088 1623 Λυδῶν
1106 1566 1248 1641 βασιλέως·
1261 1558 1332 1620 duh

221 1646 250 1705 δ’
276 1649 315 1725 s&
331 1647 542 1722 Ἁλικαρνασσὸν
565 1647 673 1707 καλιὰν
699 1648 837 1721 τύραννον
859 1648 1002 1725 ἐξελάσας,
1022 1650 1119 1724 ἐπειδὴ
1146 1645 1257 1722 ὕστερον
1278 1648 1329 1704 silo

220 1732 325 1792 iuveris·
336 1733 534 1807 φθονούμενον
551 1731 606 1791 ini
621 1740 677 1792 τῶν
691 1741 826 1808 πολιτῶν,
845 1736 884 1801 είς
901 1735 931 1793 τὸ
948 1735 1070 1808 Θούριον
1082 1733 1286 1809 ἄποικιζύμενον
1297 1724 1330 1788 δι’

216 1816 371 1891 Ἀθηναίων
388 1818 536 1893 ἐθελοντὴς
556 1813 643 1893 ἦλθε·
667 1817 752 1878 κάκεῖ
768 1820 929 1894 τελευτήσας
953 1819 999 1878 Iul
1018 1828 1067 1894 της
1086 1821 1192 1894 ἀγορᾶς
1213 1822 1332 1878 τέθαπται

223 1905 304 1970 Τινὲς
329 1903 355 1963 δ’
384 1903 412 1963 ἕν
433 1907 522 1980 Πέλλῃ
540 1903 627 1963 αύτδν
643 1911 805 1978 τελευτῆσαί
826 1928 921 1979 φασιν.
952 1903 1172 1981 Ἐπιγρύφονται
1192 1902 1219 1963 δ’
1236 1900 1335 1973 ολλύγα

219 1989 305 2047 αὑτοῦ
321 1995 445 2055 Μοῦσαι,

306 2080 385 2143 erue
401 2084 557 2149 sequuntur
574 2079 689 2149 reliqua,
707 2079 741 2131 ad
757 2087 878 2133 nostrum
893 2098 948 2132 rem
966 2080 1056 2133 minus
1071 2088 1209 2151 spectant.

304 2165 382 2217 Alter
394 2165 472 2217 locus
488 2163 562 2215 Gelii
577 2170 620 2217 est
635 2166 662 2215 in
679 2165 773 2217 Noctt.
790 2164 846 2216 stt.
862 2165 920 2229 XV,
938 2169 971 2220 23
986 2164 1026 2217 sic
1041 2165 1207 2219 scribentis:

372 2248 566 2319 „Hellanicus,
587 2249 763 2317 Herodotus,
787 2250 979 2319 Thucydides,
1002 2251 1135 2304 historiae
1150 2244 1336 2322 scriptoram

371 2335 467 2387 iisdem
489 2335 547 2386 lere
568 2334 737 2404 temporibus
760 2335 840 2387 laude
861 2336 968 2404 ingenti
989 2335 1148 2389 floruerunt
1170 2344 1198 2389 et
1212 2353 1263 2387 non
1277 2329 1338 2386 ainis
1396 2360 1397 2369 ι

373 2419 454 2488 longe
480 2419 647 2472 distantibus
675 2421 790 2472 luerunt
817 2420 963 2472 aetatibus.
1002 2420 1070 2473 Nam
1092 2420 1252 2474 Hellanicus
1276 2415 1338 2469 initio

371 2505 434 2558 belli
457 2504 684 2574 Peloponnesiaci
701 2504 789 2558 fuisse
813 2505 936 2575 quinque
960 2513 988 2557 et
1009 2507 1157 2575 sexaginta
1177 2523 1261 2558 annos
1275 2513 1339 2555 natus

372 2590 496 2657 videtur,
512 2591 664 2645 Herodotus
687 2599 739 2644 tres
760 2601 784 2645 et
807 2591 1018 2663 quinquaginta,
1043 2591 1223 2659 Thucydides
1242 2586 1338 2659 quodn-
1396 2658 1397 2663 1

371 2676 458 2743 ginta.
489 2674 624 2743 Scriptum
641 2682 684 2727 est
699 2676 749 2727 hoc
761 2675 789 2727 in
806 2676 875 2728 libro
891 2675 928 2728 Xl
945 2674 1173 2746 Pamphilae.“*)

221 2761 300 2814 Unde
321 2777 495 2830 consequens
517 2767 574 2827 est,
596 2760 695 2814 bellum
714 2759 976 2830 Peloponnesiacum
1001 2768 1088 2814 ortum
1115 2778 1177 2814 cum
1203 2761 1240 2812 sit
1251 2758 1338 2824 olym
1396 2772 1397 2821 ι

220 2845 382 2911 LXXXVII,
414 2849 426 2898 l
455 2844 514 2897 sive
538 2846 587 2898 431
622 2863 646 2898 a.
663 2846 730 2897 Chr.
758 2863 795 2913 n.,
820 2845 990 2898 Herodotum
1016 2846 1107 2899 fuisse
1134 2854 1228 2899 ustum
1252 2843 1339 2910 Olynp·

221 2928 344 2997 LXXIV,
363 2933 374 2982 l
392 2930 452 2982 sive
467 2934 518 2983 484
541 2946 565 2980 a.
583 2930 649 2983 Chr.
672 2948 710 2994 n.,
734 2948 782 2982 sex
802 2930 888 2998 igitur
907 2931 987 2984 annis
1008 2938 1073 3002 post
1087 2948 1210 3001 pugnem
1225 2927 1339 2983 lllsrstho

221 3016 291 3067 niam
304 3021 332 3067 et
348 3020 479 3084 quattuor
494 3014 575 3066 annis
590 3022 653 3068 ante
665 3015 764 3068 Xerxis
777 3015 975 3085 expeditionem
990 3017 1018 3068 in
1030 3018 1177 3069 Graeciam
1190 3025 1338 3087 pugnumqut

220 3099 406 3167 Salaminiam3
426 3099 464 3151 itu
479 3106 524 3166 nt,
541 3100 588 3168 qui
604 3117 673 3169 puer
690 3100 760 3153 bella
776 3099 889 3153 Persica
903 3100 997 3154 ridere
1014 3101 1060 3153 vix
1074 3102 1185 3171 potuit,
1202 3119 1250 3155 eos
1263 3106 1336 3156 unm

221 3186 268 3254 qni
284 3185 325 3236 his
337 3183 416 3236 bellis
432 3182 626 3249 interfuerant,
649 3203 816 3254 cognoscere
832 3185 968 3256 potuerit3
985 3186 1065 3239 cuins
1078 3188 1119 3238 rei
1134 3187 1265 3239 indicium
1281 3195 1334 3253 ραι
1396 3194 1397 3199 ’

222 3273 286 3324 bere
309 3269 421 3322 videtur
443 3287 531 3322 sermo
556 3286 615 3322 cum
636 3270 814 3323 Thersandro
838 3271 1019 3324 Orchomenio
1042 3271 1155 3324 habitus
1178 3272 1290 3338 1x‚1u.
1314 3262 1339 3316 3¹
1396 3328 1397 3331 ,

220 3360 379 3424 congruunt
400 3372 460 3407 cum
481 3357 529 3407 hac
543 3363 693 3423 temporum
709 3355 849 3409 notatione
870 3356 1026 3409 testimonis
1040 3355 1174 3424 Dionysii
1188 3355 1341 3409 naussu-

221 3442 321 3509 sensis,
338 3440 425 3511 quiin
443 3440 528 3493 lodic.
546 3441 580 3492 de
595 3440 750 3509 Thucydid.
766 3443 788 3494 h
803 3440 1009 3511 purcheim.
1033 3441 1074 3494 sic
1089 3441 1205 3494 scribit:
1220 3434 1236 3496 ὁ
1252 3431 1278 3494 δ’
1292 3430 1343 3490 'dir
1396 3456 1397 3471 ι

220 3520 390 3595 καρνασσεύς
402 3518 550 3593 Ἡρόδοτος
564 3520 712 3594 γενόμενος
726 3518 808 3599 ύλίγῳ
822 3520 956 3596 πρότερον
971 3528 1026 3581 τῶν
1047 3528 1209 3597 Περσικῶν,
1223 3517 1343 3593 παρεντεί-

220 3631 271 3672 νας
286 3608 315 3664 δὲ
329 3608 404 3680 μέχρι
416 3612 472 3664 τῶν
487 3612 766 3680 Πελοποννησιακῶν,
781 3619 809 3664 et
823 3611 937 3663 Diodori
951 3611 1038 3665 Siculi
1054 3612 1091 3680 ΙΙ,
1106 3614 1159 3682 32,
1177 3612 1226 3665 uhi
1239 3611 1300 3664 hoec
1315 3603 1343 3655 l*

221 3702 340 3764 guntur:
350 3689 500 3764 Ἡρόδοτος
511 3690 582 3750 κατα
596 3694 703 3765 Ξέρξην
715 3690 836 3765 γεγονῶς
848 3702 906 3758 τοῖς
920 3691 1039 3766 χρόνοις.
1068 3698 1170 3767 ltaque
1182 3715 1236 3750 non
1250 3692 1344 3748 andien-

221 3781 273 3832 dus
289 3787 332 3833 est
348 3780 506 3846 Eusebius,
533 3782 621 3851 quiin
646 3781 822 3834 Chronic.ad
838 3782 946 3851 Olymp.
961 3781 1102 3835 LXXVIII
1120 3787 1202 3853 (pag.
1223 3776 1343 3845 ΙδδλίΛ·

221 3867 371 3918 sus-sus
391 3882 415 3916 a.
434 3866 500 3917 Chr.
518 3884 546 3918 n.
567 3866 632 3919 haec
649 3866 776 3937 scripsit:
790 3860 940 3935 Ἡρόδοτος
948 3860 1178 3937 Ἁλικαρνασσεύς
1194 3852 1345 3933 fauvetel·

220 3980 422 4006 ...—-.-.h..

288 4078 314 4148 *J
333 4082 411 4144 Quae
430 4080 527 4131 mulier
540 4081 635 4143 doctu,
654 4083 770 4134 Neronis
790 4083 928 4149 aequalis,
949 4083 1124 4133 historiarum
1143 4082 1233 4133 libros
1244 4072 1346 4131 XXXIII

187 4158 191 4169 '
221 4150 365 4215 scripsisse
384 4155 412 4199 et
427 4149 538 4200 Ctesiue
550 4150 665 4200 Persico
683 4153 711 4200 in
724 4152 862 4216 epitomen
879 4150 1019 4216 redegisse
1037 4151 1133 4202 fertur.
1161 4151 1206 4201 Cf.
1219 4148 1310 4199 Suidss
1319 4141 1346 4191 T·

221 4219 262 4267 111
276 4235 301 4283 p.
318 4219 347 4267 lt
361 4219 438 4268 Kust.
452 4218 532 4268 Plrot.
546 4218 612 4268 Cod.
631 4219 754 4268 CLXXV
756 4256 762 4269 .
776 4218 896 4269 Schooll.
908 4220 982 4269 Hist.
995 4219 1050 4268 litt.
1063 4219 1164 4268 Gracc.
1180 4220 1219 4269 ΙΙ.
1232 4235 1258 4283 p.
1270 4212 1315 4265 380
1325 4215 1347 4259 el

220 4286 275 4337 vid.
290 4286 403 4336 Muller:
417 4287 742 4350 Fragmentuilistoriec.
758 4287 873 4337 Graece.
886 4288 937 4337 III.
951 4303 1016 4352 pag.
1028 4285 1080 4336 520
1092 4302 1150 4351 seq.
1166 4286 1222 4336 Sed
1234 4278 1346 4345 Pamphi·

221 4354 280 4415 loe,
295 4359 323 4403 ut
341 4356 596 4415 monetCreuzernr,
620 4356 648 4403 in
666 4355 804 4405 nonnullis
826 4352 1015 4421 refragaturus
1033 4355 1225 4421 eratXriiger.
1249 4342 1346 4401 Viduli

222 4422 358 4472 Clintonis
371 4422 447 4472 uass.
460 4423 570 4472 Hellen.
584 4423 605 4471 1.
619 4439 644 4488 p.
658 4420 766 4473 230011.
780 4440 806 4489 p.
820 4422 860 4473 29.
