2900 5122
450 405 715 466 CALLIOPE.
739 408 797 465 IX.
820 415 862 468 70.

1163 411 1224 473 323

103 587 179 645 σθαι.
199 582 473 666 Λακεδαιμονίων
492 577 529 646 dl
546 580 614 646 suiv
633 580 669 646 ἐκ
687 575 845 667 Σπάρτης
861 573 1035 647 ἀπέθανον
1053 582 1088 647 oi
1103 576 1224 659 πάντες

103 678 182 766 ἕκτῇ
196 683 345 769 συμβολῇ
369 673 416 758 εἷς
438 680 495 748 καὶ
520 676 737 767 ἐνενήκοντα,
767 682 956 767 Τεγεητέων
980 679 1017 747 δὲ
1037 681 1223 769 ἑκκαίδεκα,

100 772 266 866 Ἀθηναίων
285 781 323 850 δὲ
342 777 405 850 δύο
422 781 478 849 καὶ
495 778 709 867 πεντήκοντα.

102 990 122 1039 p.
128 975 177 1026 utu.
199 978 366 1029 Herodotum
378 978 432 1029 hoc
444 977 505 1028 loeo
519 994 553 1027 ea
565 981 625 1028 tan·

101 1049 154 1105 turn,
171 1060 236 1110 quse
250 1046 325 1095 fama
338 1046 442 1095 tradite
456 1047 623 1111 accepisset,

102 1111 188 1162 reterre
203 1128 291 1178 neque
309 1114 427 1179 amplius
444 1114 473 1162 iu
485 1128 519 1163 ea
537 1115 624 1178 inqui·

101 1179 194 1241 risisse,
212 1181 453 1247 diligentissimum
471 1182 549 1231 illum
567 1182 625 1246 qui-

101 1244 150 1294 dem
158 1252 182 1296 et
191 1250 427 1299 accuratissimum
437 1250 465 1298 in
476 1248 624 1298 indicando

102 1311 248 1366 (lurcorum
266 1331 408 1369 caesorum
424 1332 547 1367 numero.
579 1317 624 1366 In·

129 1388 192 1433 ntem
205 1385 288 1435 inisse
302 1384 409 1434 cladem
420 1384 565 1434 Persarum
578 1384 624 1435 vel

141 1450 190 1500 sias
201 1453 298 1501 testari
311 1453 423 1517 poterit,
437 1453 466 1502 in
480 1453 557 1502 cuius
569 1452 624 1501 Ex-

101 1519 186 1582 cerptis
201 1520 323 1570 Persice.
344 1521 368 1581 §-
384 1519 419 1569 20
436 1519 566 1585 legimus,
594 1520 622 1568 iu

100 1583 192 1650 reliquis
212 1589 325 1653 pugnis,
352 1603 423 1653 quae
441 1587 622 1637 Salaminiam

99 1649 223 1705 insecutae
244 1661 321 1718 suut,
350 1657 461 1705 omnino
483 1655 621 1705 interiisse

99 1717 224 1772 Persarum
245 1718 294 1787 ιβ’
315 1716 475 1788 puerariam
499 1724 620 1788 itemque

678 979 764 1029 tradit
775 979 912 1029 Diodorus
925 980 972 1038 XI,
983 978 1015 1031 32
1029 981 1149 1030 edietum
1162 996 1223 1030 cum

678 1062 695 1096 a
713 1046 853 1096 Pausania
878 1052 964 1107 esset,
989 1064 1024 1097 ne
1048 1049 1127 1098 vivus
1152 1049 1223 1112 quis-

677 1129 758 1178 quam
771 1121 924 1180 caperetur,
943 1116 1132 1166 incredibilem
1145 1116 1223 1165 brevi

676 1188 798 1248 stragem
817 1197 877 1232 esse
896 1182 1001 1233 factam
1017 1188 1045 1233 et
1062 1183 1122 1249 plus
1141 1200 1223 1248 quarn

677 1256 787 1299 centum
810 1250 921 1299 milibus
938 1250 1117 1301 barbarorum
1136 1253 1220 1301 truci-

676 1317 749 1366 datis
770 1318 878 1368 demum
897 1318 1019 1368 Graecos
1043 1319 1078 1368 ab
1101 1317 1220 1369 hostium

676 1385 763 1435 caede
776 1385 930 1446 destitisse3
950 1385 1045 1436 eodem
1059 1401 1164 1451 quoque
1177 1403 1219 1436 re·

676 1452 748 1502 ferre
761 1452 841 1514 lieet,
856 1468 926 1517 quae
939 1454 1054 1503 Darium
1067 1455 1221 1503 vaticinan-

673 1525 728 1569 tem
751 1520 822 1570 fecit
837 1520 990 1584 Aeschylus
1012 1522 1041 1570 iu
1058 1523 1148 1571 Peras.
1171 1520 1219 1570 811
1279 1568 1284 1581 ,

674 1601 749 1652 seqq.
774 1588 807 1637 de
829 1588 883 1637 hac
902 1589 995 1650 clade,
1020 1589 1090 1638 unde
1113 1593 1220 1639 tautum

674 1656 829 1705 exscribere
843 1655 911 1705 licet
923 1671 1018 1705 versus
1030 1656 1078 1705 821
1086 1672 1162 1721 seqq.
1176 1658 1218 1707 ed.

672 1722 816 1772 Blomfield
829 1721 865 1786 (v.
878 1721 929 1773 816
941 1739 999 1789 sqq.
1013 1724 1055 1773 ed.
1064 1725 1172 1787 Discit:

279 1818 360 1883 τόσος
372 1818 427 1888 γὰρ
441 1817 519 1875 ἔσται
531 1817 655 1882 πέλανος
667 1817 879 1891 αῖματοσταγὴς

279 1885 351 1957 πρὸς
363 1892 418 1957 γῆν
430 1890 595 1950 Πλαταιῶν,
608 1888 739 1956 Δωρίδος
751 1887 854 1958 λόγχης
865 1882 938 1942 ὅκα·

279 1960 363 2018 θῖνες
376 1956 408 2009 δὲ
422 1957 531 2024 νεκρῶν
543 1957 593 2009 καὶ
605 1951 780 2024 τριτοσπόρῳ
792 1958 862 2026 γονῇ

279 2021 387 2099 ἄφωνα
399 2026 577 2100 ρημανοῦσιν
588 2017 713 2093 ὄμμασιν
726 2024 847 2092 βροτοῖο,

279 2091 317 2153 ὡς
329 2111 381 2161 oux
392 2089 524 2160 υκέοφευ
536 2088 648 2161 θνητὸν
660 2086 729 2145 ὄντα
742 2089 794 2162 χρὴ
809 2097 941 2161 φρονεῖν.

98 2190 142 2242 Ubi
163 2196 230 2260 quod
248 2196 401 2247 Blemiicld.
427 2197 456 2246 in
481 2196 643 2266 Glossario¹

98 2260 240 2328 adscripsit:
255 2265 622 2328 „Mirerproiecterschy-

96 2324 141 2377 lun
155 2336 255 2381 tautum
278 2332 389 2383 honoris
405 2331 622 2397 Peloponnesia·

98 2394 130 2445 eis
143 2398 279 2450 tribuisse:
306 2401 399 2450 forsan
417 2400 518 2464 uliquis
534 2400 622 2464 suspi-

98 2469 161 2514 cetur
176 2466 222 2517 hos
238 2483 334 2518 versus
356 2469 385 2518 iu
402 2467 523 2517 secunda
541 2467 622 2517 huius

98 2529 192 2583 tabulae
220 2537 477 2600 repraesentatione
513 2535 621 2585 additos

98 2612 159 2661 esee,
175 2602 201 2651 in
217 2602 450 2666 Syracusanorum
468 2602 620 2667 gratiam“,

98 2668 177 2717 uerbo
188 2670 343 2735 obloquitur
353 2670 461 2721 Grotel.
469 2671 487 2720 l.
500 2670 620 2733 Aeschy-

97 2730 143 2784 lum
160 2738 316 2788 existimaus
342 2736 553 2804 Peloponnesiis
577 2753 620 2799 ea,

100 2806 240 2870 quaeipsis
261 2806 408 2868 deberent,
434 2805 549 2856 reddere
573 2821 620 2855 vo·

99 2864 180 2933 luisse,
202 2889 263 2923 cum
285 2879 370 2924 antea
390 2877 464 2923 totus
487 2874 517 2922 iu
537 2872 620 2922 laude

99 2934 285 2991 Atheniensium
308 2947 434 2992 versatus
465 2946 555 3002 esset,
587 2956 620 2990 ac

99 3000 225 3058 Pindamm
243 3010 370 3059 excitans
397 3010 426 3058 in
443 3008 523 3072 Pyth.
542 3010 570 3070 1,
587 3006 621 3057 70

99 3069 157 3133 (lli)
166 3074 333 3128 SalaminIae
345 3077 481 3127 victoriae
490 3075 621 3126 honorem

100 3138 305 3206 Atheniensibus,
335 3144 511 3195 Plataeensis
532 3145 619 3194 victo-

101 3205 145 3257 riae
163 3209 269 3262 lsudem
285 3211 431 3277 Spartanis
454 3212 516 3277 pari
540 3211 619 3261 modo

101 3273 251 3329 tribuentem.

123 3343 351 3413 Δακεδαιμονίων
364 3341 396 3397 δὲ
408 3344 464 3397 τῶν
477 3338 508 3397 ἐκ
521 3341 619 3410 Σκάρ-

100 3407 146 3477 ῐατ]
159 3414 216 3465 Ηοα
227 3416 289 3466 loco
302 3416 405 3465 diserte
424 3416 477 3481 ipsi
489 3414 619 3479 Spartani

100 3473 278 3546 intinguuntur
296 3499 314 3533 a
330 3482 445 3547 reliquis
462 3488 552 3532 terrae
565 3485 621 3532 La-

100 3547 176 3599 toniae
194 3550 292 3601 incolis
310 3551 427 3616 Spartae
445 3550 577 3611 subditis,
596 3565 618 3600 s.

100 3614 224 3680 perieecis,
250 3620 284 3668 de
308 3619 405 3682 quibus
423 3619 476 3668 rid.
494 3623 562 3668 nott.
585 3617 620 3667 ed

100 3677 207 3743 lum
224 3688 272 3749 IX,
289 3686 328 3736 ll.
357 3687 519 3736 Eximuntur
536 3686 620 3749 igitur

100 3760 124 3796 tx
135 3749 181 3801 hee
192 3755 389 3820 Spartanorum
408 3754 436 3804 iu
448 3768 541 3819 pugna
556 3769 619 3803 cae-

98 3826 169 3898 wtttm
186 3836 295 3873 numero
317 3822 423 3872 helotes
442 3827 470 3871 et
487 3821 619 3886 perlecti,

98 3889 490 4007 httttttutltttt
506 3889 619 4021 utut

99 4015 126 4065 ll
140 4036 162 4084 p.
172 4023 219 4075 ein
231 4025 261 4075 G.
279 4026 356 4087 (sunt
371 4024 458 4074 verba
474 4024 618 4075 Valckena-

99 4086 133 4140 fl'tl
143 4090 310 4144 tolcsllostro
323 4092 618 4142 memorarilraeedae·

99 4157 197 4220 nonies,
213 4160 355 4227 Tegeatae
373 4163 402 4210 et
417 4160 617 4221 Atheniensem

100 4230 193 4298 tpomm
208 4226 234 4276 hi
246 4243 307 4279 cum
318 4228 462 4278 Thebanis
479 4242 619 4292 pugnave-

101 4294 153 4351 nrt,
163 4291 200 4343 illi
209 4310 265 4346 enm
274 4296 411 4357 barbaris,
427 4300 509 4360 atque
522 4296 563 4345 ita
575 4311 619 4345 ce-

102 4354 162 4406 ierae
182 4375 268 4414 omncs
288 4366 420 4415 civitates
443 4363 495 4413 boc
515 4363 618 4413 honore

674 2198 786 2262 privari.
806 2194 996 2264 [Plutarchum
1009 2202 1083 2248 reete
1096 2202 1220 2249 statuere

676 2266 816 2315 existimat
834 2279 940 2329 quoque
954 2265 1097 2315 Duueker:
1117 2266 1217 2317 Gesch.

675 2332 701 2385 d.
713 2332 828 2382 Alterth.
842 2333 888 2383 lV.
901 2347 965 2397 pag.
978 2330 1049 2396 840]
1076 2334 1151 2383 Idem
1169 2335 1218 2382 mi-

674 2405 751 2451 ratus
768 2401 797 2449 in
814 2399 934 2449 Aristide
953 2396 1021 2465 [10].
1040 2415 1102 2465 pag.
1118 2400 1168 2451 330
1185 2401 1217 2450 F.

674 2467 934 2533 opponitHeredoto
945 2482 1086 2517 nnmerum
1100 2468 1128 2517 in
1140 2483 1218 2533 proe-

674 2536 710 2585 lio
724 2535 931 2585 interfectorum
945 2540 973 2584 et
984 2541 1161 2585 monuments
1169 2551 1218 2601 pu·
1316 2538 1319 2544 '

674 2603 761 2664 blica3
776 2609 858 2666 atque
872 2602 900 2650 in
911 2602 1067 2652 universnm
1081 2604 1218 2654 cecidisse

673 2671 756 2721 docet
769 2671 892 2721 Graecos
904 2669 1045 2720 libertatis
1057 2671 1218 2721 defensores

672 2741 736 2789 mille
749 2744 878 2788 trecentos
891 2741 1077 2802 stremonium,
1092 2753 1106 2787 e
1121 2739 1217 2802 quibus

672 2821 742 2857 unns
756 2811 784 2855 et
796 2807 948 2869 nonaginta
961 2806 1064 2856 luerint
1073 2806 1218 2856 Lacedae·

672 2874 769 2935 mouii;
796 2872 935 2923 sexdecim
956 2874 1113 2938 Tegeatae,
1133 2874 1217 2925 Athe·

671 2943 784 2992 aienses
808 2941 861 2990 duo
888 2947 917 2991 et
940 2942 1152 3005 quinquaginta,
1187 2941 1216 2991 hi

673 3009 782 3074 quidem
807 3024 900 3059 omues
918 3010 994 3059 iuxta
1012 3008 1162 3059 Clidemum
1185 3001 1216 3059 ia

671 3076 722 3142 τῆς
745 3069 900 3134 Αἰαντίδος
922 3074 1016 3142 φυλῆς
1039 3066 1215 3142 α’γωνιοαμέ-

672 3160 724 3209 νης
736 3135 865 3207 ἄριοτα,“
889 3145 1026 3194 Diodorus
1036 3145 1083 3205 XI,
1091 3144 1125 3195 33
1137 3144 1216 3194 utet-

671 3228 721 3270 ους
755 3210 811 3262 τοῖν
845 3210 957 3275 μυρίων
986 3228 1001 3262 e
1033 3211 1149 3262 Graecis
1180 3212 1216 3262 ad

670 3280 804 3330 Plataeas
825 3280 987 3329 occubuisse
1011 3279 1109 3328 scribit
1133 3284 1215 3342 atque

672 3350 780 3398 omnino
798 3346 865 3409 (vid.
879 3346 993 3411 etseq.)
1012 3361 1132 3411 pugnum
1151 3346 1215 3396 Pla-

671 3421 814 3465 taeensem
832 3416 872 3464 ita
894 3417 1020 3475 errnrrat,
1045 3419 1076 3462 ut
1095 3413 1214 3462 omnium

672 3484 838 3533 Graecorum
862 3481 1022 3547 populorum
1046 3480 1143 3545 copias
1167 3496 1214 3545 pu·

672 3565 743 3616 guae
773 3549 934 3599 interfuisse
960 3548 1121 3606 videantur,
1153 3563 1215 3598 cum

670 3618 840 3668 Herodotum
857 3622 885 3666 et
900 3617 928 3666 h.
942 3615 961 3665 l.
978 3621 1007 3666 et
1025 3631 1086 3681 eap.
1100 3614 1133 3665 00
1151 3615 1214 3666 coll.

670 3685 704 3736 85
721 3688 746 3735 si
762 3700 920 3751 sequamur,
944 3690 1056 3750 praeter
1072 3683 1214 3734 Lacedae-

671 3754 787 3815 monios,
818 3753 958 3817 Tegeates
983 3756 1011 3802 et
1030 3751 1215 3802 Athenienses

670 3820 723 3872 soli
740 3823 920 3885 Megarenses
942 3825 971 3870 et
984 3818 1099 3869 Phliasii
1117 3834 1213 3869 manns

671 3904 732 3938 cum
749 3889 843 3937 Persis
864 3888 1036 3938 conseruisse
1056 3887 1213 3946 videantur,

671 3957 789 4021 quinque
800 3957 885 4018 igitur
894 3961 1000 4005 tentum
1010 3960 1107 4020 gentes
1117 3970 1214 4004 revera

671 4024 869 4089 pugnaverint,
892 4023 920 4072 id
934 4022 1003 4088 qued
1018 4038 1113 4087 parum
1126 4021 1215 4071 credi·

671 4091 727 4141 bile
745 4090 775 4140 fit
792 4097 876 4156 atque
894 4093 979 4141 etiam
993 4089 1157 4140 contrarium
1172 4089 1214 4137 di·

669 4159 750 4209 sertis
774 4159 940 4209 testimoniis
960 4158 1074 4208 Diodori
1098 4157 1160 4219 (XI,
1179 4154 1213 4205 30

669 4227 757 4292 seqq.)
771 4232 799 4276 et
811 4229 970 4277 Pausaniae
983 4225 1028 4287 (V,
1040 4224 1098 4287 uei:
1118 4238 1172 4287 qus
1184 4224 1213 4272 in

669 4310 699 4344 re
712 4311 766 4345 nou
777 4299 881 4345 temere
893 4294 1021 4344 retulisse
1034 4292 1145 4342 credam
1158 4291 1213 4339 He-

671 4362 793 4412 rodotum
817 4362 862 4426 (nt
885 4362 1026 4424 existimat
1047 4357 1213 4409 Muenscher

942 4442 1009 4510 21*
