2866 5134
198 436 259 498 484
607 423 925 489 ΟΟΜΜΕΝΤΑΤΙΟ

198 603 243 657 rel
264 604 409 656 ediderunt
429 602 472 655 vel
493 601 585 672 aliquo
606 606 682 653 certe
702 598 782 653 modo
803 605 973 668 tractarunt,
996 599 1066 652 idern
1091 598 1223 651 iudicium
1242 605 1339 652 tenue·

198 696 278 742 runt:
301 689 412 741 videtur
427 688 497 741 enim
512 693 609 739 auctor
623 685 724 754 libelli,
749 703 828 756 quern
847 704 901 738 non
917 685 978 737 sine
994 692 1054 737 arte
1068 683 1261 737 concinnatum
1275 702 1340 737 esse

198 774 515 844 profitetur'Heyne*),
544 773 573 824 in
601 789 683 823 unum
706 771 883 823 coniunxisse
908 770 1001 823 varias
1029 769 1203 822 narrationes
1226 770 1261 822 de
1283 770 1339 822 Ho-

197 877 269 911 mero
285 875 397 928 sparsas
412 876 462 928 per
478 858 561 911 urbes
574 856 762 928 potissimum,
779 872 850 925 quae
862 855 922 907 eius
938 854 1043 908 natales
1057 853 1111 907 sibi
1123 854 1266 908 vindicare
1280 860 1339 906 stu-

198 945 313 1011 debant,
336 943 459 1013 aliasque
476 943 615 994 addidisse
631 941 753 1009 fabulas,
777 940 873 1009 quales
894 941 946 993 iam
960 948 1064 993 mature
1080 956 1129 1010 per
1146 939 1292 992 Graeciam
1306 940 1340 992 de

197 1030 315 1082 Homero
331 1034 359 1081 et
373 1039 447 1080 ortas
464 1035 492 1080 et
507 1035 673 1098 propagatas
688 1026 826 1078 videmus:
846 1026 979 1096 ipsosque
994 1024 1140 1078 immiscuit
1153 1031 1252 1077 auctor
1267 1042 1339 1077 com-

197 1114 292 1183 plures
316 1130 415 1165 veraus
441 1119 554 1183 postera
577 1119 667 1165 aetate
693 1110 858 1181 compositos
885 1116 913 1163 et
934 1111 1094 1180 plerumque
1114 1109 1238 1178 ineptos:
1268 1127 1340 1180 quae

198 1198 288 1250 omnia
304 1199 428 1267 profecto
444 1197 509 1248 talia
526 1204 607 1264 sunt,
632 1203 663 1248 ut
677 1215 769 1260 neruo,
787 1196 835 1265 qui
851 1194 943 1265 aliquo
958 1202 1033 1249 certe
1047 1195 1124 1248 modo
1142 1194 1275 1247 historiae
1290 1212 1338 1266 pa·

197 1290 264 1335 trem
282 1282 390 1334 noverit
404 1281 448 1334 vel
468 1283 556 1334 obiter
571 1288 677 1333 tantum
692 1282 753 1334 eius
768 1280 865 1333 Musas
884 1280 994 1349 legerit,
1018 1281 1135 1333 animum
1149 1280 1188 1331 ita
1205 1279 1338 1333 inducere

197 1367 302 1436 possit,
327 1372 359 1418 ut
375 1367 544 1420 Herodotum
560 1367 641 1419 huius
662 1365 746 1419 libelli
762 1372 899 1418 auctorem
920 1384 983 1418 esse
998 1362 1214 1431 arbitretnr”):
1243 1365 1272 1417 id
1289 1383 1340 1433 pu-
1370 1401 1373 1406 -

196 1452 253 1504 tius
269 1452 454 1522 quaerendum
472 1451 596 1519 videtur,
621 1452 731 1521 quinam
748 1468 845 1503 revera
859 1457 956 1503 auctor
969 1450 1069 1517 libelli,
1091 1450 1250 1519 caeteroqui
1266 1449 1338 1501 haud

196 1536 346 1607 spernendi
360 1544 474 1606 propter
486 1536 568 1590 multa
583 1553 653 1606 quae
668 1535 792 1588 continet
805 1535 916 1588 aliunde
933 1552 987 1587 non
1000 1534 1125 1603 cognita,
1141 1535 1179 1586 sit
1194 1534 1339 1587 habendus
1430 1580 1431 1597 ,

158 1636 163 1645 ’
197 1629 226 1673 et
248 1638 303 1692 qua
326 1621 384 1673 iere
406 1630 495 1674 aetate
517 1621 589 1673 hunc
612 1619 730 1674 libellum
750 1621 928 1693 compositum
948 1638 1010 1673 esse
1033 1620 1234 1687 existimemus,
1257 1620 1338 1672 cuiue
1430 1660 1431 1663 ,

196 1716 293 1758 auctor
308 1706 441 1758 Herodoti
464 1725 559 1759 nomen
580 1706 711 1758 mentitus
734 1705 859 1759 nonnisi
882 1706 1009 1775 stupidos
1030 1705 1129 1774 opinor
1149 1703 1268 1757 lectores
1287 1704 1339 1756 fal-
1430 1716 1431 1777 J

195 1791 253 1843 lere
267 1791 398 1861 potnerit.
440 1792 521 1843 Hunc
540 1790 624 1842 infimi
639 1791 701 1843 aevi
722 1790 921 1860 grammaticum
939 1791 1029 1844 fuisse
1045 1790 1092 1842 Fr.
1110 1790 1182 1857 Aug.
1200 1788 1287 1841 Wolf.
1309 1789 1339 1841 in
1430 1792 1431 1831 ἶ

195 1876 324 1944 Prolegg.
341 1876 375 1927 ad
390 1876 500 1929 Homer.
512 1893 575 1946 pag.
588 1875 685 1927 cctx
701 1883 850 1928 statuerat:
874 1875 1025 1928 secundum
1038 1873 1175 1927 saeculum
1191 1880 1257 1944 post
1269 1873 1338 1927 cur.

197 1979 223 2015 n.
240 1961 303 2012 huic
317 1962 490 2028 grammatico
513 1961 560 2030 qui
580 1966 661 2011 antea
681 1961 817 2014 tribuerat
831 1960 1047 2029 Welcker***),
1066 1959 1091 2012 is
1105 1965 1202 2028 postea
1213 1958 1246 2025 †)
1262 1957 1338 2011 Galli

195 2046 268 2099 docti
284 2045 399 2113 viri††)
416 2045 569 2098 rationibus
591 2045 726 2098 adductus
746 2045 781 2097 ad
796 2045 1011 2099 Ptolemaeorum
1033 2044 1102 2097 adeo
1123 2049 1239 2096 aetatem
1259 2043 1338 2097 reiici

195 2131 255 2183 vult
276 2137 414 2182 auctorem
436 2131 518 2183 huius
535 2129 634 2197 libelli,
660 2147 739 2200 quem
760 2129 846 2183 altero
867 2138 931 2199 post
952 2130 1092 2183 Christum
1114 2134 1207 2181 natum
1224 2129 1337 2182 saeculo

193 2216 351 2268 inferiorern
368 2234 420 2267 non
438 2234 501 2268 esse
516 2222 590 2267 recte
603 2214 665 2267 mihi
679 2215 848 2268 contendere
859 2215 971 2267 videtur
983 2214 1162 2283 Sengebusch
1171 2213 1259 2281 †††)=
1275 2231 1337 2267 cun

194 2300 315 2352 conditio
334 2309 362 2352 et
376 2301 535 2370 compositio
553 2300 634 2352 huius
657 2300 740 2353 libelli
756 2300 820 2352 talis
842 2300 950 2352 omnino
973 2299 1081 2372 sit*†),
1103 2315 1175 2369 quae
1195 2305 1338 2353 auctorem

194 2383 440 2437 Alexandrinorum
457 2391 546 2438 aetate
562 2383 664 2437 vixisse
680 2392 711 2437 ut
725 2393 894 2451 statuamus,
919 2385 991 2438 haud
1008 2384 1148 2455 permittat
1163 2383 1338 2454 eundemque
1430 2442 1431 2445 J

194 2469 227 2521 ad
242 2469 323 2537 longe
338 2471 493 2540 posteriora
507 2477 630 2539 ternpore
645 2469 765 2537 reiiciat,
781 2471 883 2539 quibus
895 2469 964 2522 alios
976 2486 1087 2540 quoque
1101 2468 1252 2539 scriptores
1265 2468 1336 2536 (Lu-
1359 2536 1365 2549 .
1430 2468 1431 2545 J

194 2554 315 2621 ciauum,
339 2555 545 2625 Cephalionem‚
571 2554 627 2612 vid.
650 2572 734 2624 supra
751 2560 777 2619 S.
795 2557 841 2621 15)
862 2554 1050 2609 Herodateum
1072 2570 1221 2607 sermonem
1241 2569 1339 2607 aemu-

194 2638 264 2692 latos
285 2640 379 2692 lonica
397 2640 512 2692 dialecto
534 2640 562 2691 in
585 2639 662 2691 libris
686 2639 840 2691 scribendis
861 2654 928 2691 usos
948 2658 1009 2692 esse
1025 2639 1160 2693 videmus.
1203 2638 1244 2690 Ad
1267 2638 1338 2691 haec

192 2724 280 2791 igitur
294 2733 416 2794 tempora
437 2733 573 2777 auctorem
597 2723 681 2776 libelli
695 2724 730 2776 de
744 2724 862 2777 Homero
882 2724 935 2775 sub
949 2724 1083 2779 Herodoti
1104 2723 1213 2776 nomine
1228 2721 1336 2791 vulgati

193 2809 369 2876 relegandum
390 2828 451 2862 ease
474 2809 624 2862 credimus:
650 2808 758 2862 Atticus
783 2809 941 2861 homonum
962 2810 1062 2876 fuerit,
1091 2808 1140 2878 qui
1160 2808 1231 2860 hanc
1250 2807 1335 2861 vitam

193 2894 415 2961 concinnaverit,
435 2903 466 2946 ut
482 2895 641 2946 Nitzschius
653 2890 720 2960 *Ἣ
736 2893 886 2960 existimat,
907 2912 942 2946 aa
959 2892 1141 2946 Alexandriae
1158 2892 1219 2946 sire
1235 2890 1291 2945 alia
1303 2894 1334 2946 in
1430 2920 1431 2961 χ

194 2978 261 3030 urbe
279 2978 360 3030 Asiae
375 2977 486 3031 minoris
510 2979 570 3031 sive
582 2978 716 3032 Graeciae
730 2978 896 3031 delitescens
915 2979 975 3031 sive
991 2980 1085 3031 rhetor
1100 2979 1161 3030 sive
1177 2978 1333 3046 grammati-

192 3079 257 3126 cus,
276 3061 303 3113 id
320 3062 348 3113 in
361 3063 444 3115 dubio
460 3063 617 3133 relinquere
631 3063 731 3130 malim,
754 3080 813 3115 cum
830 3081 922 3116 omnes
936 3065 1073 3130 rationes,
1100 3062 1202 3132 quibus
1218 3063 1335 3132 patriam

192 3147 314 3198 auctoris
330 3163 390 3199 curn
404 3148 495 3218 aliqua
518 3149 576 3201 veri
589 3149 682 3217 specie
697 3148 867 3201 constituere
882 3149 989 3219 possis,
1012 3164 1128 3219 prorsus
1144 3147 1247 3200 desint.
1279 3146 1337 3200 Hic

193 3230 301 3283 libellus
323 3232 356 3284 de
371 3233 483 3285 Homeri
500 3233 555 3285 vita
570 3234 711 3286 Herodoto
733 3232 802 3286 laiso
818 3233 993 3304 adscriptus,
1015 3250 1094 3303 quem
1110 3232 1204 3302 primis
1220 3232 1334 3285 Homeri

192 3390 264 3397 ..u-p
277 3392 317 3398 --.

258 3480 286 3548 *l
306 3484 334 3532 in
347 3485 459 3534 Excurs.
473 3484 514 3534 III
528 3483 562 3533 ad
576 3483 657 3533 lliad.
670 3484 769 3533 XXIV.
782 3483 842 3533 Vol.
857 3483 928 3533 VIII.
943 3501 969 3549 p.
982 3481 1032 3532 822
1045 3498 1120 3549 seqq.

193 3616 215 3666 Τ
243 3547 302 3666 ἒ)
322 3552 439 3669 Ρταεῖῐῗὲ
455 3568 513 3669 eqq,
534 3551 1037 3669 qu⁰ssi⁰pi1liflinliuiavimi⁸i1lii
1049 3551 1332 3670 -l'imhfilrist'fgi'i'

192 3700 257 3749 pag.
270 3634 407 3751 illlpdlgqui
419 3635 589 3753 nuperahldirc
603 3634 994 3750 toihlnlduaeestiondldledldrlud
1008 3618 1142 3737 trhldllilit
1153 3634 1244 3740 iiiiii·
1255 3621 1332 3737 ueni

192 3753 264 3802 nier:
284 3754 325 3802 De
338 3755 450 3804 Homeri
467 3756 538 3814 vita,
557 3770 627 3820 quae
645 3754 695 3805 sub
713 3755 846 3807 Herodoti
858 3755 1069 3804 Halicarnassei
1086 3756 1196 3804 nomiae
1216 3756 1332 3806 eircum-

192 3820 293 3881 fertur,
315 3821 455 3872 Herodoto
472 3823 667 3872 iucundissimo
685 3822 823 3871 Musarum
842 3824 948 3872 auctori
966 3822 1109 3887 eidemque
1127 3822 1263 3874 historiae
1281 3838 1331 3889 pa-

192 3888 263 3937 renti
277 3890 384 3939 omuino
398 3891 591 3940 abiudieauda.
610 3891 700 3940 Paris.
716 3889 788 3939 1857.
808 3888 833 3939 8.

259 3953 316 4019 Ψ)
333 3958 444 4022 Episeh.
457 3958 558 4022 Cyclas
570 3975 596 4024 p.
610 3956 650 4008 18.

259 4021 292 4087 †)
311 4024 378 4074 ibid.
391 4043 415 4091 p.
430 4025 571 4076 lat-181.

259 4090 310 4155 ††)
328 4093 424 4159 Dugas
436 4093 571 4144 Montbel:
584 4093 707 4144 Histoire
721 4093 769 4143 des
781 4089 890 4158 podaies
902 4093 1013 4142 Homer.
1026 4110 1053 4160 p.
1069 4092 1125 4143 110.

258 4158 330 4223 †††)
348 4161 377 4209 in
389 4162 536 4212 Homerica
548 4161 687 4211 dissertat.
700 4163 783 4227 prior.
794 4177 832 4227 pa
852 4197 858 4211 .
871 4159 896 4209 8.

257 4224 305 4289 '¹†)
324 4227 384 4277 Vid.
402 4230 480 4280 modo
503 4244 573 4294 quae
595 4228 726 4279 disseruit
741 4178 863 4280 Nitzaclr.
882 4226 1049 4279 Meletenrm.
1071 4229 1105 4278 de
1125 4228 1191 4279 hist.
1212 4228 1326 4280 Homeri

191 4292 221 4343 P.
235 4294 271 4343 II.
285 4310 347 4360 pag.
361 4295 394 4346 68
406 4314 436 4347 ae
457 4314 481 4362 q.
496 4302 524 4346 et
536 4296 609 4346 conf.
624 4298 707 4346 etiarn
721 4297 818 4361 Heyne
830 4296 892 4347 ioco
904 4312 987 4362 snpra
999 4296 1074 4346 laud.

257 4358 316 4479 :ll
337 4364 397 4414 Vid.
409 4314 587 4431 indagandae
610 4380 658 4429 per
676 4365 787 4414 Homeri
806 4364 904 4429 Odyss.
924 4363 1051 4430 interpol.
1076 4370 1235 4430 praeparat.
1253 4365 1283 4416 P.
1301 4364 1324 4413 L

190 4445 253 4495 pag.
307 4467 314 4479 .
