2826 5132
253 393 310 451 DE
330 392 435 451 VITA
454 392 512 451 ET
532 389 724 451 SORIPTIS
746 386 978 448 HERODOTI.
1123 393 1183 451 415

88 560 204 615 Chronico.
226 580 252 631 p.
275 566 324 618 169
344 564 397 615 snb
421 562 530 632 Olymp.
550 560 700 628 LXXXIII,
725 556 779 627 4*)
804 562 910 615 Athenis
931 559 1047 621 habitam
1072 564 1100 612 et
1123 559 1183 628 qui-

87 646 178 714 quidem,
191 647 213 699 si
227 664 290 700 vere
304 648 397 718 prodit
409 647 558 712 Eusebius,
576 664 648 698 anno
664 663 689 698 a.
698 645 763 697 cur.
777 663 805 697 n.
820 650 872 700 445
882 644 1021 717 s.01ymp.
1034 643 1183 709 LXXXIII,

85 734 162 799 tant,
178 731 381 801 quaeScaligeri
397 732 443 802 (ad
457 731 594 785 Eusebi.
611 730 643 797 l.)
662 736 705 784 est
725 731 817 800 opinio
837 730 1006 783 Herodotum
1026 745 1185 797 magnorum

85 813 303 870 Panathenaeorum
313 816 490 871 sollemnibus
502 817 634 869 recitasse
646 815 823 886 suspicantis,
839 832 911 868 anno
919 814 1026 883 Olymp.
1034 812 1183 880 LXXXIII,

84 901 124 953 is.
137 904 215 954 4461.
229 901 295 955 cur.
308 919 347 969 n.,
361 917 521 973 quamquam
532 901 623 953 iudice
639 900 743 967 Heysio
756 918 783 970 p.
799 904 833 953 54
845 900 912 953 nihil
928 907 1002 953 certe
1017 900 1117 965 obstet,
1129 914 1184 968 quo

83 983 151 1036 uiuus
170 986 348 1040 recitationem
360 987 613 1040 Panathenaeorum
637 985 770 1038 minorum
785 986 856 1038 testo
879 984 1027 1055 quotannis
1053 982 1186 1036 celebrari

83 1068 144 1120 solito
157 1070 264 1124 habitam
278 1090 341 1125 esse
352 1072 551 1126 existimemus:
569 1077 686 1140 utroque
703 1071 773 1123 enim
784 1070 812 1122 in
829 1071 902 1123 festo
919 1069 1027 1139 poetica
1041 1076 1069 1121 et
1082 1068 1186 1121 musica

82 1155 200 1207 erumna
212 1156 297 1210 locum
310 1156 440 1210 habuisse
458 1164 576 1209 constat.
599 1154 668 1207 Vide
682 1155 817 1223 Heysinm
831 1155 849 1207 l.
859 1154 877 1207 l.
899 1155 963 1218 Qua
977 1154 1005 1205 in
1023 1153 1187 1206 recitatione

82 1236 151 1290 Attica
163 1258 211 1292 non
232 1241 312 1294 aliter
328 1249 412 1312 atque
433 1243 462 1295 in
477 1240 637 1310 Olympiaca
657 1257 714 1292 eam
729 1241 820 1309 operis
835 1247 953 1310 partem,
968 1255 1048 1309 quum
1063 1238 1184 1290 elabora-

81 1328 203 1394 tumetque
217 1334 337 1395 paratam
363 1327 458 1380 babuit
480 1324 614 1395 scriptor,
638 1324 801 1394 praelectam
826 1324 930 1393 fuisse,
954 1321 1048 1393 ntique
1076 1323 1186 1375 ridetur

80 1418 279 1464 mnsennneam:
302 1428 372 1481 qnae
393 1418 482 1463 tamea
499 1410 583 1463 inerit
602 1409 657 1462 ista
672 1426 751 1479 pars,
775 1427 830 1462 non
850 1410 935 1478 magis
952 1409 1037 1460 habeo
1053 1416 1128 1461 certo
1143 1406 1185 1459 di-

79 1507 126 1544 cere
138 1510 208 1563 quam
217 1497 326 1566 Heyse,
342 1495 390 1565 qui
407 1502 497 1562 recte,
513 1494 626 1563 opinor,
643 1494 684 1546 sic
699 1494 813 1547 statuit:
831 1494 902 1562 „Vel
915 1494 1025 1546 maxime
1040 1499 1186 1546 consenta-

78 1592 139 1629 neun
154 1580 271 1647 videtur,
292 1598 349 1633 eam
369 1581 539 1650 potissimum
555 1585 659 1650 partem
678 1580 727 1631 hac
740 1579 883 1632 occasione
897 1579 925 1632 in
940 1580 1027 1630 lucem
1043 1597 1105 1631 esse
1122 1595 1185 1647 pro-

78 1666 180 1732 tractam,
202 1683 271 1734 qnae
294 1665 427 1718 Graeciae
446 1672 473 1717 et
488 1672 551 1716 ante
568 1681 661 1716 omnes
675 1662 881 1716 Atheniensium
898 1663 1008 1717 fortiter
1024 1669 1052 1715 et
1064 1662 1186 1731 gloriosa

77 1743 132 1798 heta
149 1752 303 1802 enarrabat:
325 1748 437 1802 Persica
458 1749 518 1801 dico
539 1749 619 1801 bella.
646 1748 771 1811 Quorum
787 1749 986 1801 enarrationem
1004 1749 1029 1801 si
1044 1747 1186 1800 audivisse

77 1833 183 1885 statueris
211 1834 411 1902 Athenienses,
434 1833 515 1887 facile
539 1831 692 1901 intelliges,
718 1849 767 1886 cur
792 1851 847 1885 non
874 1834 943 1885 satis
971 1834 1025 1886 sibi
1040 1831 1187 1884 habuerint

77 1909 180 1970 hudibus
194 1926 221 1971 et
233 1918 332 1989 plausu
348 1926 512 1989 prosecutos
529 1936 590 1971 esse
606 1924 758 1983 auctorem,
775 1918 824 1972 sed
845 1918 960 1987 insuper
983 1918 1101 1988 proemio
1125 1933 1186 1969 eum

77 1995 219 2056 donaverint.
246 2003 399 2058 Praemium
419 2004 489 2057 eninr
511 2003 641 2056 retulisse
662 2002 831 2056 Herodotum
848 2020 939 2074 neque
961 2021 1011 2073 per
1033 2021 1065 2056 se
1085 2002 1186 2071 impro-

78 2078 143 2138 babile
153 2094 206 2155 est,
222 2105 313 2158 neque
329 2105 454 2157 magnum
474 2088 562 2140 virum
584 2088 707 2157 dedecet,
722 2087 800 2140 modo
819 2106 853 2140 ne
867 2096 1026 2158 corruptum
1041 2087 1090 2141 sed
1106 2103 1186 2139 orna·

76 2170 117 2220 tum
137 2170 182 2223 hoc
205 2174 296 2242 pretio
322 2190 381 2226 eum
395 2168 561 2244 putes“**).
593 2173 631 2226 Et
656 2172 719 2225 hinc
742 2174 861 2226 sortasse
885 2173 1018 2241 originem
1038 2173 1093 2225 ista
1114 2171 1187 2241 cepit

76 2250 135 2321 itus,
156 2274 205 2327 qna
222 2258 250 2311 in
273 2258 389 2310 historia
407 2256 623 2311 Atheniensibus
647 2258 726 2310 nhnis
747 2259 867 2325 favisse,
882 2257 1027 2328 Spartanis
1047 2258 1186 2310 insensum

76 2335 143 2391 luisse
154 2341 322 2396 Herodotum
335 2341 498 2409 clamabant,
513 2343 631 2411 partium
646 2342 705 2395 scil.
721 2342 814 2395 studio
828 2342 983 2396 abductum.
1012 2344 1092 2407 Quae
1107 2358 1187 2412 quam

76 2418 143 2475 hunis
162 2426 196 2478 sit
222 2427 376 2480 criminatio
398 2435 480 2498 atque
496 2426 599 2495 futilis,
614 2428 683 2480 satis
700 2426 838 2481 docebunt
859 2427 893 2479 ad
906 2427 954 2496 vl,
972 2427 1107 2496 108.v11,
1125 2429 1185 2480 102.

78 2501 165 2572 Vlll,3,
178 2510 224 2579 IX,
241 2517 277 2566 22
301 2518 408 2565 notata:
430 2528 592 2582 quamquam
614 2512 683 2564 satis
700 2512 765 2565 inde
785 2512 975 2581 cognoscitur,
997 2511 1101 2583 quantd
1121 2509 1187 2563 curt

82 2591 159 2645 culino
180 2596 288 2651 Noster
313 2596 522 2650 Atheniensium
547 2614 593 2649 res
621 2596 759 2666 amplexus
789 2613 924 2668 quamque
945 2596 1080 2650 benevolo
1098 2596 1185 2648 animo

82 2680 234 2741 trgteosdcm
255 2681 342 2736 inerit
362 2682 487 2746 affectus,
504 2688 535 2734 ut
551 2682 594 2734 vel
611 2682 675 2735 inde
691 2682 763 2734 haud
779 2682 939 2735 incredibile
958 2683 1095 2750 videatur,
1112 2680 1187 2751 quod

81 2754 105 2808 de
118 2764 260 2821 recitatione
277 2767 393 2819 Athenis
417 2767 451 2819 ab
471 2766 614 2819 Herodoto
637 2768 711 2820 iacta
731 2767 861 2820 traditum
876 2767 1045 2837 accepimua3
1065 2784 1136 2836 quae
1162 2764 1186 2817 si

79 2856 148 2900 urere
161 2852 257 2905 accidit
272 2870 362 2918 anno,
379 2869 433 2922 quo
448 2851 543 2921 posuit
553 2851 703 2919 Eusebius,
725 2857 776 2907 445
792 2860 856 2905 ante
871 2851 938 2904 Chr.
957 2872 993 2921 n.‚
1011 2851 1100 2904 omnia
1115 2851 1186 2903 bene

76 2942 199 2997 ⁰tltgruere
215 2935 406 3005 intelligimus,
422 2935 446 2988 si
463 2937 571 3006 quidem
587 2935 757 3008 probabilius
773 2937 896 3003 videtur,
912 2937 1091 3005 Herodotum,
1109 2942 1185 2988 ante-

75 3026 134 3079 quam
148 3017 266 3075 Thurios
282 3038 342 3075 cum
359 3021 563 3074 Atheniensium
579 3022 684 3075 colonis
699 3023 931 3092 proficisceretur,
947 3023 997 3075 hac
1012 3022 1074 3092 ipsa
1086 3020 1186 3074 recita-

71 3096 129 3153 llouc
145 3102 359 3160 Atheniensibus
375 3124 406 3158 se
421 3107 487 3157 adeo
504 3107 704 3160 commendasse
724 3108 958 3178 conspicuamque
972 3106 1138 3173 reddidisse,
1155 3111 1187 3158 ut

70 3178 169 3249 iptorum
182 3191 288 3244 colonis
314 3190 434 3244 adscribi
449 3192 563 3244 eundem
584 3199 754 3263 paterentur.
787 3193 879 3246 Unum
897 3192 927 3244 id
941 3193 1031 3246 minus
1047 3190 1185 3259 congruit,

70 3270 126 3334 qaod
139 3271 301 3329 Plutarchus
318 3275 361 3329 vel
379 3275 471 3346 potius
486 3275 595 3343 Diyllus
611 3277 781 3331 Herodotum
796 3277 887 3330 decem
904 3275 1006 3330 telerna
1020 3278 1092 3328 dono
1109 3292 1186 3327 acce·

70 3350 127 3415 ll⁸⁸e
149 3360 229 3412 tradit
251 3379 285 3414 ex
311 3361 421 3414 decreto
443 3360 658 3431 Atheniensium,
685 3362 760 3432 quod
785 3360 898 3433 scripsit
911 3362 1036 3429 Anytus:
1061 3361 1134 3430 quod
1162 3359 1187 3411 si

70 3449 144 3495 rerum
157 3452 207 3512 est,
222 3446 285 3517 ipsa
300 3445 425 3499 recitatio
443 3445 478 3498 ad
491 3446 574 3514 longe
594 3447 749 3515 posteriora
770 3453 893 3516 tempora
914 3445 1054 3498 reliciatur
1072 3462 1186 3499 necesse

67 3528 112 3590 tat,
125 3527 180 3580 sive
194 3537 259 3600 post
273 3548 374 3584 annum
388 3534 440 3584 412
455 3533 524 3602 (quo
539 3548 611 3583 anno
627 3532 674 3585 vix
688 3531 717 3583 in
733 3531 805 3584 vivis
820 3530 936 3600 amplius
949 3529 1038 3582 fnisse
1053 3530 1186 3582 Nostrum

67 3605 185 3680 ffishmo)
193 3615 262 3668 hanc
273 3616 459 3669 recitationem
465 3617 563 3668 iactam
574 3621 681 3669 statuas
691 3633 750 3668 cnm
759 3615 791 3669 C.
802 3617 849 3669 Fr.
856 3615 1013 3668 Hermanno
1022 3614 1093 3685 (vid.
1102 3614 1137 3666 T.
1146 3614 1184 3666 II.

65 3718 239 3737 Ἢ

65 3773 262 3915 ἐῖῗνωωταῦί
284 3791 458 3917 Ἅθηῖαζοις,
473 3787 536 3916 [pria
552 3786 596 3916 pio
619 3787 1002 3916 ‘l“5¹“⁹3⁰²{ll·'‘²⁰l⁸⁶⁰⁰⁹5’
1027 3788 1186 3876 ἒνοὶτῃτόυ

65 3877 1013 4012 retintlfftll‘ttt'llt„tltel‘lltl‘btr{ntllelltllnl
1030 3881 1081 3996 ill
1092 3880 1186 3991 lilii

64 4000 149 4073 φηςιν)
161 3995 333 4068 τετυγμένον
353 3997 381 4053 εἰ
397 3996 436 4068 μή
454 3995 524 4067 μετὰ
537 4017 569 4053 το
582 4000 696 4067 νικῆσαι
714 4017 781 4060 τους
792 4001 946 4067 πολεμίους
962 4002 1107 4066 Αθηναῖοι
1121 4015 1185 4066 μετ-

66 4071 210 4143 “macuto
233 4062 300 4128 τοὺς
318 4065 496 4149 συμμάχους·
521 4059 562 4119 ὅτι
585 4065 682 4136 μέντοι
707 4063 777 4119 δέκα
799 4065 925 4120 τοὶλαυτα
949 4064 1060 4135 δωρεὰν
1084 4064 1186 4133 ἔλαβεν

64 4115 89 4187 ll
102 4131 228 4198 Αθηυοίυ,
256 4128 367 4189 ’Ᾱυύτου
388 4155 421 4189 το
443 4130 580 4202 ψήφισμα
603 4132 780 4203 γράψαντος,
803 4130 878 4203 ἀνὴρ
900 4129 1050 4204 Ἀθηναῖος
1073 4128 1108 4187 oei
1129 4134 1186 4186 eoin

64 4198 292 4294 “opprimebant
310 4197 342 4256 Iu
360 4200 470 4271 ἱστορίᾳ
488 4204 609 4264 Δίυλλος
628 4203 752 4271 εἴρηκεν.

162 4271 217 4322 Ubi
233 4272 305 4323 haec
321 4274 460 4350 1οςίττιοτιι
469 4264 623 4337 Ἡρόδοτος
641 4264 765 4341 ἐτιμήθη
784 4265 862 4338 παρὰ
876 4272 932 4323 τῶν
947 4265 1106 4339 Ἀθηναίων
1119 4270 1184 4338 βου·

64 4326 106 4394 lit
174 4333 298 4404 ναγυούς
315 4334 412 4399 αὐτοῖς
428 4357 480 4399 τοις
498 4340 624 4408 βίβλους.

119 4397 159 4469 ⁸³)
176 4405 239 4458 vm.
259 4407 276 4460 1.
293 4409 311 4459 1.
329 4426 356 4476 p.
376 4408 417 4459 eo.
