2932 5124
395 389 595 449 URANIA.
620 391 709 449 VIII.
737 401 794 454 139.
819 402 877 453 1111.
895 410 914 452 1.
1161 399 1252 471 209,

88 560 140 644 τὰς
160 558 350 653 ἁμαρτάδας
373 559 432 643 τὰς
456 564 488 642 ἐς
513 562 569 651 ἐμὲ
594 566 625 646 ἐξ
652 564 791 632 ἐκείνων
808 566 989 653 γενομένας
1011 563 1118 646 πόσας
1134 575 1224 656 μετί-

90 684 149 754 ημι
183 669 247 735 νῦν
270 691 308 734 τε
332 654 416 752 ω’θε,
442 661 635 755 Μαρδόνιε,
661 672 768 753 ποίεε·
803 668 901 735 rouro
923 665 986 755 μὲν
1002 663 1064 755 τὴν
1081 671 1146 757 γῆν
1163 689 1224 758 σφι

89 763 219 854 ἀπόδος,
255 768 353 837 τοῦτο
373 766 411 836 δὲ
427 762 532 854 ἀλλην
550 763 633 855 πρὸς
649 764 754 856 ταύτῃ
774 768 925 837 ἑλέσθων
942 764 1054 855 αὐτοὶ,
1089 765 1225 857 ἥντινα

90 862 127 939 εἰν
142 871 297 957 ἐθέλωσι,
317 866 426 949 ἐόντες
445 863 638 959 αὐτόνομοι·
675 866 731 957 ίρά
748 896 784 937 τε
801 866 910 939 πάντα
927 890 1005 959 σφι,
1025 865 1068 958 ἢν
1087 869 1128 959 δὴ
1146 868 1225 959 βοό-

90 978 205 1041 λωνιαί
225 998 265 1059 γε
289 971 360 1059 ἐμοὶ
384 965 593 1059 ὁμολογέειν,
629 965 846 1059 ἀνόρθωσον,
874 965 936 1041 ὅσα
961 968 1024 1060 ἐγω
1050 975 1223 1063 ἐνέπρησα.

94 1070 219 1142 ibitur}
238 1073 277 1141 δὲ
294 1067 487 1161 ἀπιγμένων
510 1067 699 1160 ἀναγκαίως
723 1078 789 1161 ἔχει
812 1100 868 1162 μοι
890 1075 1015 1144 ποιέειν
1036 1077 1157 1163 ταῦτα,
1182 1069 1226 1163 ἢν

89 1171 128 1263 μὴ
142 1171 177 1244 τό
193 1168 357 1263 ὑμέτερον
374 1169 490 1244 ἀντίον
513 1177 656 1262 γένηται.
694 1176 791 1261 Λέγω
816 1174 854 1244 dt
875 1169 957 1264 ὑμῖν
980 1173 1069 1245 mide·
1105 1179 1170 1247 νῦν
1192 1184 1228 1246 τί

89 1283 258 1364 μαίνεσθε,
282 1273 428 1366 πόλεμον
445 1277 578 1363 βασιλέί
593 1271 859 1365 ἀνταειρόμενοις
885 1274 963 1346 οὔτε
981 1274 1044 1368 γὰρ
1062 1272 1105 1348 ἀν
1122 1272 1225 1369 ὑπερ-

88 1375 250 1465 βάλοισθε,
269 1373 347 1447 οὔτε
365 1372 433 1447 οἷοί
448 1380 486 1449 τέ
501 1380 573 1447 ἐστε
590 1372 743 1467 ἀντέχειν
761 1374 819 1447 τόν
836 1375 945 1449 πάντα
962 1377 1092 1470 χρόνον.
1119 1386 1226 1450 nidere

87 1479 142 1566 pir
172 1476 237 1567 γάρ
273 1481 331 1566 τῆς
354 1482 483 1569 Ξέρξεω
509 1486 749 1567 στρατηλασίης
775 1475 812 1548 τό
836 1483 965 1568 πλῆθος
988 1482 1043 1550 καὶ
1066 1477 1107 1551 τά
1132 1488 1224 1571 ἔργα,

88 1579 301 1650 πυνθάνεσθε
320 1581 357 1649 δὲ
375 1583 430 1649 καί
448 1576 509 1669 τὴν
527 1584 592 1650 νῦν
610 1576 690 1671 παρ’
717 1581 772 1670 ἐμὲ
796 1584 918 1651 έοῦσαν
943 1579 1104 1672 δύναμιν,
1141 1580 1225 1653 ὥστε
1292 1671 1298 1681 ἡ

88 1777 216 1842 gentibue.
253 1767 467 1843 Athcbetr'fcee
481 1779 626 1844 praeteriti
678 1779 827 1841 Mandonii,
853 1779 913 1844 qui,
936 1779 984 1829 nbi
1002 1781 1077 1846 regie
1094 1780 1226 1832 mandute

88 1847 230 1922 uodonem,
257 1850 290 1895 nt
304 1834 388 1911 ἥκειν
410 1844 528 1910 (ueniere)
548 1845 625 1908 VIII,

89 1911 128 1963 tu
141 1920 167 1964 et
178 1928 299 1980 ηιοντα.
329 1915 372 1963 De
389 1913 485 1964 Ionica
497 1913 626 1964 termine-

86 1981 152 2031 tione
169 1982 248 2033 νοοὶε
260 1972 394 2047 ἁμαρτὰς
408 1980 465 2031 diri
478 1981 513 2031 ed
526 1982 552 2043 1,
569 1979 625 2030 161.

87 2048 156 2109 Quae
168 2056 323 2114 sequuntur
335 2049 434 2109 verbo,
449 2064 464 2099 e
478 2049 537 2099 cod.
551 2048 625 2099 Flor.

87 2131 139 2165 eum
154 2116 312 2183 Schweigin
331 2123 360 2166 et
377 2116 466 2166 Guiei.
485 2117 527 2166 ite
543 2116 627 2167 coilo·

87 2185 153 2233 eavi:
171 2178 224 2243 τάς
237 2176 269 2243 ές
281 2175 358 2250 έμέἒ
391 2175 523 2245 ἐκείνων,
541 2183 625 2249 vulgo

86 2246 130 2309 τὰς
141 2242 169 2314 ἔξ
182 2244 305 2303 ἐκείνων
319 2243 348 2311 ές
375 2246 425 2317 με’,
444 2252 514 2318 quod
531 2258 626 2302 tenue-

86 2327 140 2369 runt
150 2320 302 2379 Schccier,
314 2320 415 2370 bietth.
433 2327 461 2370 et
477 2337 549 2371 recc.
564 2319 625 2370 edd.

13 2392 15 2397 ’
113 2380 162 2453 τὴν
184 2387 242 2454 γῆν
267 2402 319 2452 σφι
342 2377 466 2454 ἀπόδος]
490 2387 532 2437 Ad
556 2388 625 2437 baec

13 2442 15 2501 ᾗ
86 2452 292 2507 Valckenbene
303 2455 558 2506 eouiertPiutareh.
567 2456 627 2504 Ari·

13 2568 14 2571 ,
85 2523 139 2572 sud
155 2523 192 2574 10.
206 2541 235 2589 p.
248 2523 328 2574 3:³40
348 2528 376 2573 et
390 2524 503 2573 Diodor.
517 2524 568 2585 xl,
583 2523 624 2585 28,

86 2592 195 2655 quicum
207 2593 353 2642 Herodoto
368 2593 513 2642 consentit.
543 2591 627 2640 Athe-

85 2659 225 2721 uieueium,
252 2659 303 2709 iile
326 2659 418 2719 addit,
443 2660 627 2710 constantiam

85 2729 172 2778 merito
196 2728 318 2778 iaudent
339 2732 463 2778 oratores
486 2732 514 2777 et
535 2727 627 2793 sophi·

85 2798 151 2857 etue,
168 2795 367 2862 repellentium
380 2786 510 2860 Έχθρῶν
526 2785 627 2858 ἄδωρα

85 2857 165 2926 idon:
196 2879 268 2930 prae
298 2864 420 2913 caeteris
448 2863 626 2914 Demosthen.

84 2928 194 2997 Philipp.
208 2933 232 2981 Ι.
245 2933 271 2993 5.
288 2930 327 2981 11.
340 2947 403 2997 pag.
414 2929 448 2982 68
461 2930 566 2994 Reisk„
578 2930 626 2979 ubi

86 2998 172 3049 eedem
183 3000 218 3050 de
232 2998 391 3050 Alexandro
404 2999 528 3050 Atheneo
541 2999 625 3049 mireo

84 3072 232 3118 ementur.
252 3067 297 3117 'l'u
308 3066 364 3117 vid.
376 3067 416 3117 ibi
428 3066 564 3118 Voemeiii
577 3082 625 3116 cn-

85 3137 247 3186 uotetionem
273 3148 338 3200 pag.
365 3135 403 3184 li.
424 3160 454 3169 —
477 3137 510 3185 In
533 3134 626 3185 verbis

85 3203 195 3321 tiit
211 3202 626 3336 ztititibtitiittitii

84 3337 189 3391 Bredov.
196 3355 266 3405 pag.
274 3336 435 3389 337eimiiee
445 3339 545 3389 formes
556 3353 627 3387 com·

83 3404 165 3468 plnres
177 3423 192 3457 o
205 3408 310 3458 Nostro
327 3407 520 3472 proferentem.
544 3395 626 3454 αότο-

84 3467 178 3538 νόμους
194 3476 214 3525 1.
231 3492 258 3525 e.
270 3477 312 3524 eui
327 3476 391 3525 trude
407 3490 463 3525 eece
474 3473 625 3523 Athenien·

83 3556 122 3593 eeu
133 3543 202 3607 quod
212 3542 305 3595 voluit
313 3559 369 3604 rex,
384 3542 412 3591 id
421 3542 532 3607 plenem
542 3540 623 3590 liber·

83 3608 625 3677 ietequrebuepublicieconetituendie

84 3677 193 3743 indicet,
207 3695 266 3745 qua
279 3679 342 3730 iiior
353 3693 400 3728 rex
410 3678 450 3727 ite
463 3679 517 3727 frui
528 3676 623 3738 voluit,

84 3752 110 3794 rt
117 3746 219 3797 nnllam
230 3747 325 3813 Iegem
335 3746 504 3796 extrinsecus
516 3745 626 3810 imponi-

84 3818 133 3864 tem
143 3815 340 3877 observarent,
358 3814 407 3864 ced
421 3828 530 3879 prorene
542 3812 625 3862 liberi

85 3896 153 3932 mem
169 3884 226 3933 eibi
244 3881 550 3948 reipubliceedormum
563 3896 626 3931 con·

84 3950 223 4001 stibrerent
245 3966 298 4000 nec
323 3951 451 4029 cuiqnam
467 3949 625 4000 obedirent:

84 4016 147 4068 bunc
157 4019 331 4070 Graecorum
343 4014 520 4083 αντονομίαν
530 4018 627 4082 attigit

84 4083 162 4136 uer.
172 4088 339 4148 Hermann„
353 4085 432 4151 pluro
445 4086 570 4136 excitans
584 4086 625 4135 in:

84 4150 186 4204 (iriech.
203 4153 418 4205 Smetseitertb.
433 4156 457 4215 §-
469 4154 511 4204 44.
530 4159 587 4204 not.
602 4153 625 4203 Ι.

679 1847 817 1912 exposuit,
848 1848 902 1896 ium
928 1847 963 1897 ud
986 1847 1171 1899 Athenienses
1195 1864 1225 1899 ee

678 1915 817 1965 convertit
832 1914 876 1964 bis
892 1915 961 1979 ipsis
978 1915 1085 1966 verbis:
1109 1917 1148 1967 dir
1164 1932 1224 1967 vero

678 1981 827 2043 (mandetis
844 1981 939 2048 regiis)
964 1985 1000 2034 ad
1017 1999 1055 2033 me
1071 1987 1181 2050 periatr‘e
1202 1999 1223 2035 ε.

677 2050 748 2099 hnec
773 2065 834 2099 enm
864 2051 899 2099 cd
922 2066 966 2101 me
990 2053 1169 2117 pervenerint
1197 2052 1225 2116 (c

678 2118 755 2183 rege)
772 2123 849 2182 piane
866 2133 970 2169 neceeee
988 2127 1026 2170 eet
1038 2136 1075 2169 me
1088 2122 1116 2170 id
1123 2121 1223 2183 facere,

677 2188 729 2236 αιόι·
740 2188 802 2252 ρειαί
813 2203 830 2236 α
840 2193 927 2237 veetra
937 2196 1014 2251 parte
1026 2189 1087 2238 midi
1096 2188 1225 2239 corruerit

678 2254 707 2316 (i.
722 2270 746 2303 e.
759 2255 815 2304 niei
827 2269 876 2305 vos
889 2255 943 2320 ipsi
956 2255 1023 2304 mihi
1036 2254 1223 2321 obstiteritie).

677 2322 711 2372 In
724 2322 822 2386 quibus
834 2316 866 2371 τὸ
872 2312 1012 2398 ῥμέτερον
1022 2324 1095 2373 idem
1108 2324 1167 2374 fere
1177 2340 1224 2374 vc·

677 2389 736 2439 lere
759 2395 842 2453 etque
863 2391 946 2453 νμείς
968 2391 1077 2440 notavit
1093 2391 1226 2442 Kuebner

679 2456 726 2507 Gr.
735 2457 780 2506 Gr.
791 2458 814 2517 §.
821 2457 881 2506 414.
891 2463 947 2506 not.
957 2457 979 2517 1,
992 2459 1113 2523 itemque
1122 2458 1222 2509 Mattb.

679 2525 725 2575 Gr.
740 2524 786 2575 Gr.
799 2525 822 2585 ὅ.
835 2522 886 2573 285
899 2529 928 2574 et
939 2522 996 2583 466,
1009 2523 1040 2586 33
1053 2526 1087 2575 de
1100 2525 1224 2575 Plutoni·

680 2593 733 2652 cie,
759 2607 828 2657 quae
848 2592 982 2642 excitarit
998 2591 1166 2643 Valckeuer.
1190 2594 1224 2657 (1.

679 2678 705 2725 p.
721 2659 806 2709 1283.
824 2676 850 2725 p.
865 2657 923 2709 176.
941 2659 980 2709 11.
997 2676 1024 2725 p.
1041 2658 1132 2723 64311)
1150 2661 1223 2711 conf.

678 2727 1096 2789 Heindorf.nd'Pheaetet.§.49.
1110 2729 1163 2777 Pro
1177 2725 1225 2779 ui'·

677 2811 749 2854 τιον,
761 2795 831 2860 quod
842 2809 935 2845 omnes
946 2794 1009 2845 libri
1019 2795 1114 2860 scripti
1126 2801 1154 2846 et
1163 2796 1224 2847 edd.

678 2869 744 2915 vett.
759 2864 875 2924 hubent,
890 2863 984 2927 recepi
997 2878 1057 2913 eum
1068 2863 1223 2930 Schweigh.

678 2938 706 2982 et
724 2931 881 2982 Guieiordio
898 2930 1079 2982 Valckenarii
1096 2932 1224 2983 emende-

678 3001 780 3050 tionem
793 2989 919 3063 α’ντίον,
938 3013 1019 3064 quem
1033 3001 1139 3064 reepnit
1150 2998 1224 3050 Bek-

677 3068 775 3147 keruej
793 3066 921 3117 Dindori'.
935 3072 963 3116 et
974 3067 1099 3118 Dietsch.
1112 3084 1224 3133 recepe·

677 3139 741 3185 runt
752 3132 864 3197 αντίον,
878 3135 949 3199 quod
961 3135 1026 3199 quin
1037 3150 1120 3185 unum
1129 3150 1224 3187 verum

678 3205 728 3263 eit,
748 3203 869 3252 dubitari
886 3204 991 3267 nequit.
1002 3228 1038 3239 —-
1055 3203 1096 3252 Ad
1109 3203 1224 3253 locutio·

678 3286 740 3322 nem
752 3263 877 3335 πόλεμον
886 3260 1106 3336 ἀπαειρόμενον
1118 3271 1173 3323 vid.
1185 3270 1225 3320 el·

678 3339 738 3389 lete
751 3338 786 3387 nd
798 3338 844 3398 vl,
858 3338 899 3387 44.

710 3396 934 3472 ὑπερβάλοισθε]
965 3404 1019 3455 Η1ο
1039 3420 1146 3471 quoque
1163 3420 1224 3457 ver-

677 3475 741 3525 bum
752 3465 988 3538 ὑπερβάλλεσθαι
999 3475 1151 3538 superandi,
1172 3476 1224 3524 oin·

676 3545 752 3593 cendi
762 3541 929 3606 significatu,
943 3541 1030 3602 nivi,
1043 3540 1082 3592 13.
1093 3542 1153 3603 vn,
1166 3539 1224 3596 163.

678 3608 736 3662 168.
750 3611 825 3672 VIII,
839 3610 873 3658 24
887 3609 979 3675 Ibique
991 3614 1061 3660 nott.
1073 3611 1121 3671 lx,
1134 3607 1176 3659 28.
1189 3636 1224 3647 -

677 3679 709 3728 In
722 3678 815 3728 verbis
832 3680 954 3743 proxime
972 3678 1151 3742 sequentibus
1163 3671 1226 3729 οίοί

675 3739 707 3797 τέ
720 3737 795 3797 ἕστε
812 3745 883 3810 quod
895 3745 989 3796 Neber
1001 3746 1040 3806 (in
1051 3747 1222 3811 Mnemosyn.

676 3814 721 3864 IV.
734 3828 799 3880 pag.
811 3812 838 3878 1)
851 3814 947 3879 reponi
959 3813 1048 3864 voluit
1060 3807 1175 3877 ἔσεσθε,
1194 3813 1224 3863 id

677 3897 725 3932 cur
737 3882 909 3946 praeferam,
928 3880 1006 3931 librin
1023 3882 1136 3947 seriptis
1153 3880 1222 3931 invi-

676 3951 722 4011 tis,
736 3949 840 3999 nullam
851 3952 947 4014 ntique
958 3950 1097 4015 perepIcio
1110 3963 1222 3999 crucem

676 4018 813 4067 idoneam.

711 4077 903 4137 πυνθάνεσθε
915 4077 948 4135 db
958 4080 1007 4135 καὶ
1020 4080 1073 4150 τὴν
1085 4082 1140 4134 νῦν
1151 4074 1223 4147 παρ’

678 4144 728 4220 iub
746 4144 851 4205 έοῦσαν
866 4145 1003 4219 δύναμιν]
1023 4154 1041 4204 1.
1056 4169 1079 4203 ε.
1092 4153 1223 4203 ααιίίνίοίίε

110 4218 225 4274 Τούτων
236 4215 272 4273 di
283 4215 450 4286 ἀπιγμένων
460 4212 627 4288 ἀναγκαίως
676 4238 736 4273 cero
746 4227 821 4272 etium
832 4224 928 4287 copiae.
942 4237 1006 4288 quae
1016 4220 1147 4288 (quantae)
1158 4235 1222 4268 nunc

83 4282 135 4354 ἔχει
143 4307 193 4355 μοι
202 4288 303 4356 mn]
317 4290 397 4340 Haec
410 4305 464 4341 non
476 4293 550 4356 regie
563 4295 628 4340 sunt
674 4305 755 4355 perer
766 4306 804 4340 me
816 4296 883 4342 eunt.
917 4289 1045 4355 Plerique
1059 4288 1136 4340 codd.
1150 4277 1222 4357 παρῗ

82 4357 163 4408 verbe
185 4360 223 4410 ed
240 4358 414 4409 Mardonium
434 4358 554 4419 directa,
577 4357 627 4408 ced
679 4349 991 4424 ίμὲέοῠσανεκθὶθοοις
1005 4356 1223 4408 exiildoGrouo·

128 4464 293 4506 nuuouor.
315 4465 357 4506 iv.

980 4449 1019 4507 14
