2866 5134
215 425 275 486 492
625 421 941 484 COMMENTATIO

215 595 376 649 uertendum
393 595 552 666 usurpavit,
575 594 692 665 primore
706 595 734 646 in
751 592 820 647 libro
836 594 930 651 multis
949 594 1076 665 partibus
1089 596 1212 650 delectum
1224 594 1331 650 mutilae

215 698 270 751 que
291 686 400 734 erant.“
438 681 498 733 Nec
517 682 597 734 aliter
618 679 689 732 idem
703 678 907 749 Wesselingius
925 680 1059 734 iudicavit
1078 681 1106 733 in
1128 683 1242 750 praelat.
1256 681 1332 733 Hero-

214 767 271 819 dot.
287 770 312 831 s.
329 768 355 821 3.
391 767 460 819 Cum
475 766 562 835 igitur
573 763 666 817 Vallae
679 765 772 817 versio
788 765 888 818 Latina
901 765 973 818 haud
987 765 1084 835 paucis
1099 765 1166 819 locis
1178 768 1214 820 ab
1228 766 1333 820 auctoris

215 860 304 904 mente
324 853 433 904 aberret
446 858 495 904 aut
509 851 577 903 adeo
593 850 712 903 obscura
725 850 777 918 sit,
800 858 831 903 ut
849 851 915 921 qnid
930 851 1056 904 Graecus
1071 852 1204 921 scriptor,
1226 851 1288 922 quid
1300 850 1333 903 io·

214 945 324 1006 terpres
338 937 456 989 Latinus
474 936 566 988 dicere
584 934 719 1002 voluerit,
740 934 873 988 incertum
894 936 946 1001 sit,
968 952 1082 1006 cumque
1098 943 1127 990 et
1141 936 1296 991 Gronovius
1313 942 1334 988 st

215 1021 420 1089 Wesselingius
436 1021 507 1073 haud
521 1036 610 1091 pauca
626 1021 749 1092 quamvis
764 1020 933 1089 refingentes
949 1021 1003 1073 alia
1017 1038 1105 1091 saque
1119 1020 1234 1091 plurima
1247 1022 1334 1075 intacta

215 1105 393 1176 reliquerint,
409 1112 493 1159 totam
503 1105 628 1159 Latinam
643 1105 797 1159 versionem
811 1105 845 1158 de
861 1105 970 1174 integro
986 1107 1123 1175 refingere
1138 1124 1249 1178 eamque
1261 1106 1335 1158 Gras-

215 1190 255 1243 cis
271 1191 364 1243 verbis
380 1192 408 1243 in
429 1207 481 1243 sua
496 1190 617 1243 editione
633 1190 771 1243 subiicere
784 1190 1047 1259 Schweighaeusero
1063 1192 1151 1244 risun
1166 1200 1224 1245 est:
1247 1191 1336 1261 dequo

216 1276 277 1328 eius
298 1275 414 1329 consilio
430 1277 503 1328 coni.
519 1275 640 1328 eiusdem
655 1275 776 1329 Praelat.
792 1294 820 1345 p.
835 1275 986 1328 XI-lllll
1003 1276 1094 1348 (Tum.
1105 1276 1128 1329 Ι.
1145 1276 1176 1330 Ρ.
1193 1277 1242 1345 1.).
1273 1276 1337 1328 Haec

215 1360 471 1428 Schweighaeuseri
491 1360 584 1413 versio
605 1360 704 1413 Latina
728 1360 803 1429 typis
823 1361 942 1430 repetita
963 1361 1067 1430 prodiit
1086 1361 1206 1414 Londini
1226 1362 1298 1416 1818.
1316 1362 1337 1414 θ.

215 1444 291 1516 opud
300 1444 451 1513 Priestley:
474 1446 586 1498 eandem
606 1445 649 1497 hic
670 1445 726 1498 illic
740 1452 868 1498 mutatam
888 1446 965 1498 dedit
977 1446 1053 1499 Guil.
1072 1446 1201 1500 Diodori.
1221 1448 1248 1501 in
1262 1446 1338 1499 Hero

216 1529 274 1582 doti
290 1529 411 1582 editione
426 1531 499 1583 inira
511 1530 665 1584 indicanda.

302 1617 411 1669 Graecis
424 1615 512 1667 literis
529 1632 678 1685 expressae
692 1615 807 1684 primum
821 1615 949 1685 prodiere
963 1615 992 1669 in
1007 1614 1093 1668 iucem
1103 1615 1241 1669 Herodoti
1255 1616 1339 1669 Musae

215 1700 340 1753 Venetiis
360 1700 433 1770 apud
454 1703 550 1754 Aldum
570 1701 725 1755 Munatium
744 1702 812 1753 1502
833 1711 861 1753 et
883 1701 947 1753 inde
964 1700 1118 1770 descriptae
1133 1700 1222 1755 Basil.
1239 1703 1299 1755 1541
1318 1706 1340 1751 et

216 1788 282 1839 1557
299 1784 347 1838 fol.
363 1785 390 1837 in
408 1785 519 1838 cilicina
528 1785 704 1854 Hersagiana
719 1803 778 1839 cum
790 1785 882 1840 lorch.
895 1785 1044 1838 camerarii
1061 1786 1245 1855 praefatione.
1276 1784 1339 1851 „Cr-

214 1871 259 1923 ius
274 1869 340 1935 dos,
362 1870 401 1921 ait
417 1869 635 1939 Wesselingius,
659 1871 808 1941 praecipua
819 1877 876 1935 eat,
900 1870 974 1940 qnod
988 1871 1075 1923 lonici
1091 1872 1231 1924 sermonis
1245 1873 1340 1924 formas
1385 1872 1386 1885 ³

215 1973 278 2007 raro
300 1954 452 2024 neglexerit
467 1962 552 2025 atque
574 1955 778 2023 elegantissime
798 1954 996 2025 compluscula,
1020 1956 1228 2026 insequentium
1248 1953 1339 2009 mmesi

215 2043 272 2092 tate
287 2048 336 2092 aut
350 2047 452 2092 mutata
467 2046 515 2092 aut
529 2040 673 2093 socordius
690 2040 852 2109 praeterita,
875 2040 1086 2110 descripserit.“
1121 2039 1292 2113 Quemquam
1303 2055 1337 2092 su·

215 2124 339 2193 spicatur
355 2124 650 2193 Schweighaeuserus,
675 2125 765 2177 aviro
785 2124 882 2193 docto,
904 2126 951 2195 qui
971 2125 1086 2178 editioni
1102 2127 1243 2196 praefuit,
1263 2122 1339 2179 multis

215 2208 283 2261 locis
303 2209 428 2262 invectus
448 2226 513 2262 esse
536 2210 646 2262 lonicus
670 2211 815 2263 verborum
835 2212 951 2280 formas,
979 2227 1049 2281 quas
1071 2209 1166 2263 nullus
1185 2211 1258 2265 liber
1274 2224 1338 2262 mass
1384 2248 1386 2271 ,

215 2293 337 2363 scriptus
352 2294 489 2347 exhibeat.

299 2378 419 2433 Secutus
433 2381 611 2433 estHenricos
622 2380 791 2449 Stephanus,
803 2379 850 2450 qul
861 2387 1005 2451 postquam
1018 2379 1132 2450 primum
1143 2381 1272 2434 Latinam
1281 2380 1339 2434 Lau·

215 2465 298 2517 rentii
315 2463 409 2517 Valles
431 2464 685 2535 interpretationem
705 2466 872 2534 recognitam
893 2472 976 2537 atque
990 2465 1160 2518 emendatam
1176 2466 1271 2520 addita
1282 2466 1340 2534 npe-
1385 2480 1386 2549 q

215 2549 287 2618 logii
303 2568 353 2618 pro
367 2550 509 2602 Herodoto
525 2549 611 2602 edidit
627 2566 700 2602 anno
720 2553 788 2604 1566
801 2550 850 2603 fol.
870 2555 955 2621 (quoe
971 2550 1053 2603 editio
1068 2557 1168 2620 poetes
1184 2551 1295 2621 saepius
1308 2556 1341 2600 est

215 2635 363 2705 repetita),
379 2642 436 2686 tum
448 2635 555 2687 Graece
570 2634 694 2687 exhibuit
707 2634 877 2689 Herodotum
893 2639 959 2689 1510
971 2643 998 2688 et
1013 2638 1078 2690 1592
1089 2634 1137 2691 iol.
1151 2632 1285 2703 Parisiis,
1299 2647 1341 2685 uos

215 2736 275 2771 curn
292 2718 385 2771 Vallae
401 2719 528 2772 versione
543 2719 684 2773 emendata
699 2720 856 2792 additisque
871 2722 958 2774 variis
972 2720 1154 2786 lectionibus,
1182 2738 1255 2793 quas
1269 2728 1341 2772 tames

216 2821 309 2856 ornnes
342 2822 357 2856 e
382 2803 460 2856 libris
487 2804 610 2876 antiquis
636 2821 715 2857 manu
745 2805 857 2874 scriptis
884 2805 1000 2859 fluxisse
1026 2806 1088 2858 iure
1117 2822 1223 2875 negare
1249 2805 1343 2858 ridetur
1384 2826 1385 2897 q

215 2888 493 2956 Schweighaeuserus
522 2888 656 2955 (Praefat.
678 2890 706 2953 l,
731 2894 757 2943 2.
778 2908 806 2960 p.
823 2889 856 2944 V.
873 2890 952 2960 Vt),
976 2890 1021 2943 cui
1041 2890 1086 2944 rel
1108 2891 1286 2945 coniecturae
1302 2884 1341 2939 riri
1384 2906 1385 2935 1

215 2973 290 3025 docti
306 2990 369 3025 esse
387 2972 532 3041 sidentur,
556 2974 656 3044 quibus
672 2973 718 3027 ille
739 2975 896 3029 mendosum
911 2976 973 3028 Aldi
989 2975 1125 3045 exemplar
1143 2976 1190 3029 hic
1204 2975 1261 3028 illic
1275 2973 1342 3027 refir-

215 3075 281 3125 gere
296 3058 452 3125 studuerit,
473 3058 518 3112 rel
531 3059 666 3112 lectiones
682 3078 716 3112 ex
730 3059 793 3112 Aldi
811 3067 906 3127 textu,
927 3060 989 3113 aliis
1009 3060 1190 3130 substitutis,
1215 3060 1344 3115 eiectssd
1383 3108 1384 3111 ,

215 3142 242 3194 in
257 3143 380 3211 margine
394 3144 556 3212 adnotatae,
574 3144 619 3198 vel
637 3145 756 3215 denique
771 3144 850 3198 etiam
864 3145 997 3198 lectiones
1012 3163 1046 3198 er
1062 3161 1117 3198 uno
1129 3146 1252 3215 quodam
1266 3142 1344 3197 codice

215 3227 260 3281 vel
275 3228 355 3280 etiam
370 3228 511 3298 pluribus,
533 3229 659 3281 admixtis
677 3230 859 3297 coniecturis,
884 3236 1010 3283 enotatas
1030 3230 1122 3282 ariro
1142 3230 1229 3284 docto
1244 3228 1346 3301 quoda!

215 3320 245 3365 et
265 3312 299 3365 ad
316 3313 483 3383 Stephanum
499 3314 692 3380 transmissae,
714 3330 793 3386 quem
813 3315 901 3384 ipsum
922 3315 957 3367 de
977 3314 1031 3368 illis
1051 3314 1122 3367 houd
1143 3333 1211 3369 rsro
1227 3317 1345 3369 incestu
1382 3366 1383 3375 ,

216 3398 305 3451 luisse
324 3398 511 3467 intelligimus.
554 3400 625 3452 Utut
645 3406 703 3463 est,
727 3400 807 3468 plura
823 3399 850 3451 in
873 3400 989 3453 Graecis
1012 3416 1101 3470 aeque
1121 3416 1155 3451 ac
1174 3400 1284 3454 Latinis
1301 3413 1343 3448 ss·
1381 3402 1383 3479 J

217 3483 270 3536 lius
288 3484 323 3535 ab
336 3483 458 3537 Henrico
473 3484 614 3554 Stephano
629 3484 781 3536 constituto
798 3502 861 3537 esse
879 3485 974 3553 negari
990 3485 1096 3554 nequit.

302 3568 435 3638 Stephani
456 3569 601 3622 editionem
625 3570 747 3638 (iotlsosr.
762 3572 948 3641 lungermsnn
967 3569 1118 3622 iterandam
1137 3570 1254 3623 censuit
1271 3570 1344 3621 urn-

217 3654 317 3706 cofort.
332 3655 400 3707 1608
414 3653 462 3706 fol.
477 3662 555 3706 textu
570 3654 683 3723 primum
700 3672 749 3723 per
765 3655 855 3724 capita
868 3655 957 3707 diviso
973 3655 1121 3725 additoque
1135 3654 1231 3708 indice
1246 3662 1273 3708 et
1285 3652 1344 3721 glos-
1382 3664 1383 3707 l

217 3737 291 3790 sario
307 3737 465 3791 Herodoteo
475 3735 503 3803 *J
519 3758 534 3791 e
550 3738 677 3791 Goldasti
693 3739 812 3793 schedis.
841 3739 970 3809 llepetita
984 3747 1027 3793 est
1042 3740 1108 3792 haec
1124 3739 1213 3793 editio
1230 3740 1345 3792 Genesm
1380 3720 1382 3845 1

219 3824 285 3876 1618
306 3824 349 3893 (in
366 3840 421 3892 qua
436 3823 509 3876 haud
523 3840 626 3893 paucae
642 3823 749 3876 Aemilii
765 3823 842 3877 Porti
861 3825 1035 3895 suspiciones
1048 3825 1137 3877 textui
1152 3824 1248 3878 illatae
1264 3826 1345 3880 suntl;

217 3905 372 3980 iterumque
388 3908 487 3977 (operi
504 3915 532 3961 et
546 3908 639 3961 studio
662 3910 780 3963 liumus
795 3911 878 3977 Gale)
900 3910 1019 3963 Londini
1037 3912 1105 3963 111711
1119 3909 1170 3962 fol.
1186 3908 1282 3980 paucis
1296 3904 1344 3976 qui·

216 3991 331 4045 busdam
347 3992 471 4045 adiectis.

302 4077 382 4140 Quae
401 4083 497 4130 secuta
511 4085 555 4129 est
569 4080 658 4132 loculi
675 4080 802 4135 &omousi
816 4079 916 4145 editio,
934 4079 1024 4148 Lugd.
1040 4080 1138 4132 Batus.
1159 4070 1344 4133 1715t01.”l‚

286 4292 301 4325 „
359 4293 366 4305 .

285 4291 698 4427 11111111101111111]19111111«11111101
712 4363 866 4425 „Herodoti
876 4362 1087 4414 Halicarnassei
1096 4362 1282 4412 Historiarum
1292 4352 1345 4434 11111
1356 4350 1359 4359 '

217 4430 257 4481 lx
268 4430 408 4481 Musarum
423 4430 579 4482 nominibus
596 4430 732 4496 inscripti.
763 4432 871 4483 Graece
889 4446 951 4482 cum
969 4431 1201 4497 interpretatione
1214 4430 1345 4481 Laurestl
