2984 5154
223 420 262 484 52
657 392 925 474 aaronem

221 585 459 678 ἀπορραγεῖσαι
479 585 540 656 δύο
558 588 701 676 κορυφαὶ
728 588 885 677 ἐφέροντο
903 586 1015 677 πολλῷ
1030 580 1165 674 πατάγῳ
1186 583 1218 662 ἐς
1241 576 1364 661 editoris

223 692 278 763 καὶ
301 691 483 776 κατέλαβον
501 686 643 777 συχνούς
661 708 792 777 σφεων,
818 689 854 756 ἐκ
878 686 915 754 δὲ
932 688 994 754 τοῦ
1017 685 1094 773 ἱροῦ
1113 686 1172 771 τῆς
1194 689 1366 772 Προνηΐης

176 793 215 855 38
223 790 286 880 βοή
302 818 339 861 τε
363 793 418 860 ναὶ
436 785 622 879 ἀλαλαγμὸς
642 792 777 877 ἐγίνετο.
820 789 1063 877 Συμμιγέντων
1082 785 1118 854 dl
1136 780 1264 855 τούτων
1281 781 1365 853 πάν-

222 922 291 963 των
319 890 425 981 φόβος
453 908 538 962 τοῖσι
567 889 765 981 βαρβάροισι
790 886 1023 960 ἐνεπεπτώκεε.
1071 883 1237 977 μαθόντες
1267 885 1305 954 δὲ
1332 888 1368 953 οἱ
1392 983 1395 987 1

223 1073 288 1122 pag.
300 1056 326 1120 7)
341 1073 373 1106 or
387 1055 446 1120 ipso
456 1056 559 1120 Trogo,
574 1059 604 1103 ut
615 1057 706 1119 putat,
721 1052 768 1102 du·
819 1053 985 1103 monuimus:
1005 1052 1075 1101 duae
1094 1051 1146 1101 bae
1165 1044 1292 1114 κορυφαὶ
1311 1064 1366 1113 qua

224 1131 270 1175 eta
287 1129 389 1173 etcum
401 1124 535 1173 Herodoti
553 1123 646 1172 uerbis
659 1135 769 1186 prorsus
820 1127 899 1187 parte
914 1121 1025 1182 suerint,
1040 1120 1064 1169 si
1075 1134 1200 1184 quaeras,
1214 1132 1269 1167 non
1282 1116 1366 1180 longo

224 1191 440 1249 consentientia,
459 1206 473 1239 e
486 1190 620 1240 Poloniea
633 1189 728 1253 lingua
740 1189 769 1236 in
822 1188 856 1237 ab
875 1188 943 1237 aede
957 1188 1098 1237 Minervae
1115 1185 1179 1236 illas
1193 1184 1366 1249 quaerendas

224 1260 354 1308 Latinam
366 1259 407 1308 sie
418 1258 539 1307 reddita:
559 1257 692 1318 „Xorrea
705 1256 769 1305 Per·
820 1271 894 1316 esse,
914 1256 960 1305 hio
978 1258 1037 1319 ipse
1056 1253 1132 1304 loeus
1149 1253 1268 1313 indicat,
1288 1253 1367 1300 item-

224 1342 315 1377 sarum
328 1341 389 1388 rex,
404 1325 525 1375 audacia
535 1325 605 1374 adeo
618 1325 719 1385 erevit,
738 1328 769 1370 ut
821 1339 872 1388 que
892 1323 975 1384 alter,
996 1322 1043 1387 qui
1059 1321 1161 1386 legitur
1175 1337 1236 1385 cap.
1250 1317 1296 1382 39,
1317 1318 1367 1368 ubi

223 1393 353 1458 templum
366 1392 435 1441 illud
448 1390 637 1456 (Delphicum)
650 1391 769 1457 spolian-
820 1406 889 1440 saxa
907 1405 922 1439 s
940 1391 1078 1439 Parnasso
1097 1388 1213 1453 delapsa
1230 1386 1368 1436 Herodoti

224 1462 287 1510 dum
300 1465 443 1510 statueret.
463 1460 500 1510 At
512 1462 629 1510 deornm
641 1461 690 1508 (luo
702 1474 770 1508 saxo
822 1462 916 1507 aetate
930 1457 1019 1507 adhue
1031 1457 1180 1521 conspicua
1193 1469 1254 1506 esse
1269 1453 1367 1504 dieun-

224 1534 249 1578 ia
263 1532 404 1578 caeruleum
420 1529 474 1576 eius
486 1529 593 1591 delapso
606 1532 674 1584 aunt,
694 1529 769 1575 11111-
817 1529 865 1603 tur
889 1516 921 1575 ἐν
943 1523 983 1590 τῷ
1005 1519 1119 1589 τεμένεϊ
1141 1521 1192 1603 τῆς
1215 1517 1367 1587 Πρανηΐης

225 1612 272 1661 que
282 1596 396 1657 fabriaci
403 1631 410 1654 ‚
422 1596 549 1656 tonitrua,
558 1595 653 1658 fropor
661 1610 692 1643 ao
704 1594 769 1643 eim·
821 1590 980 1657 Αθηναίης.
1010 1593 1107 1657 Itaque
1120 1592 1174 1640 nisu
1187 1589 1270 1640 fallor
1281 1589 1366 1640 Paae-

224 1664 292 1712 modi
314 1669 477 1727 tempestates
500 1668 606 1712 coortae
631 1666 708 1721 sunt,
738 1664 770 1710 ut
820 1662 926 1710 amadeo
937 1658 1143 1725 intelliguntur,
1163 1672 1233 1723 quae
1246 1660 1310 1707 sunt
1321 1671 1366 1705 ru-

225 1735 352 1795 quattuor
369 1729 457 1779 millia
473 1730 613 1779 hominum
629 1727 710 1777 simul
724 1743 768 1778 oa·
820 1743 870 1793 pes
893 1728 1076 1793 praecipites,
1103 1727 1133 1775 in
1156 1726 1240 1775 altum
1262 1725 1368 1790 septin-

225 1798 277 1848 eisi
287 1797 401 1858 fuerint3
412 1797 510 1862 reliqui
519 1813 593 1858 vero,
602 1798 644 1846 ait
652 1797 768 1860 Trogus,
821 1800 918 1861 gentos
930 1794 1016 1845 ferme
1026 1794 1111 1860 podes
1122 1798 1301 1859 exsurgentes
1311 1792 1367 1841 hae

223 1870 327 1915 terrore
337 1865 458 1930 perculsi
470 1864 672 1915 secesserunt.“
691 1863 769 1923 Quae
821 1867 916 1928 parte,
935 1863 1006 1911 unde
1024 1862 1148 1912 homines
1160 1859 1301 1911 maleficos
1317 1864 1369 1909 aut

224 1949 290 1982 sane
304 1933 373 1982 talia
385 1937 457 1993 sunt,
470 1937 501 1981 ut
511 1948 544 1982 ex
553 1932 691 1981 Herodoto
704 1931 770 1980 hau·
821 1931 955 1981 seelestos
983 1929 1104 1983 deiicere
1132 1928 1276 1989 solebant3
1309 1927 1368 1979 vid.

224 2008 268 2050 sta
282 2015 342 2051 esse
354 2000 507 2050 videantur.
540 2000 577 2048 Et
590 1999 660 2063 qnod
672 1999 770 2047 mirum
820 1994 930 2047 Ulriehs
948 1997 966 2046 1.
979 1996 997 2045 l.
1012 2012 1048 2062 pa
1069 1996 1121 2045 ,41
1134 2012 1202 2061 seq,
1222 1996 1290 2045 Rosa
1309 1994 1327 2045 l.
1345 1994 1366 2044 l.

225 2067 334 2128 auditu,
349 2067 459 2129 eadem,
474 2081 544 2131 quae
557 2067 670 2128 Persas,
686 2064 770 2115 Gala·
821 2065 842 2118 1.
860 2082 887 2130 p.
906 2063 940 2115 65
958 2064 1021 2114 coll.
1064 2064 1184 2114 hiersob.
1202 2062 1220 2114 l.
1239 2062 1257 2112 1.
1277 2078 1303 2128 p.
1324 2061 1367 2113 13.

224 2141 268 2184 tas
282 2149 387 2198 quoquo
404 2134 586 2198 irrumpentes
605 2133 734 2198 abegisse
752 2148 769 2182 a
819 2133 860 2181 Ao
872 2148 955 2197 supra
966 2131 1114 2182 Castaliam
1126 2132 1216 2197 ipsam
1226 2145 1308 2195 rupes
1320 2130 1370 2179 ad·

224 2202 325 2266 templo
338 2200 482 2266 spoliando
497 2206 593 2250 narrat
603 2201 768 2261 Pausanias,
820 2199 928 2250 modum
946 2198 1022 2249 altae
1041 2200 1071 2249 in
1088 2201 1137 2250 duo
1156 2199 1303 2249 eacumina
1321 2213 1369 2247 ex·

223 2269 291 2334 ipsis
309 2268 396 2318 ferme
408 2269 542 2318 Herodoti
558 2268 650 2319 verbis
667 2267 720 2317 hae
739 2269 768 2317 in
820 2273 899 2316 eunt:
917 2267 989 2318 unde
1006 2271 1082 2329 sunt,
1102 2268 1149 2332 qui
1160 2267 1286 2331 bicipitem
1298 2265 1370 2315 Par-

225 2352 254 2385 τε
272 2335 428 2386 enarranda
445 2351 510 2386 usus
527 2336 554 2396 Ι,
573 2337 598 2384 4.
616 2336 639 2395 5.
658 2336 675 2384 4
693 2342 720 2384 et
733 2336 765 2396 X,
819 2350 930 2385 nassum
942 2332 1162 2398 (veterumloaos
1173 2333 1370 2383 indicaverunt

224 2402 349 2466 1114,
367 2403 414 2452 ubi
432 2404 504 2453 inter
521 2401 578 2452 alia
596 2402 665 2453 haee
682 2403 768 2453 verba
819 2403 968 2468 Forbiger:
982 2402 1092 2452 Handb.
1107 2403 1132 2453 d.
1147 2402 1194 2452 alt.
1207 2401 1367 2467 Goognlll.

225 2471 315 2521 teneri
330 2471 468 2521 volumus:
492 2464 593 2534 πέτραι
615 2485 646 2521 τε
667 2460 766 2521 duola·
819 2487 844 2535 p.
858 2469 909 2520 859
921 2470 984 2521 coll.
998 2468 1117 2522 Ulriehs.
1127 2468 1145 2519 l.
1158 2469 1176 2523 l.
1190 2484 1254 2535 pag.
1266 2466 1308 2518 40.
1322 2466 1367 2518 48.

225 2534 387 2589 οθοὲνονσαι
399 2536 451 2588 τοῦ
460 2536 635 2602 Παρνασσοῦ
668 2530 768 2602 aptitus
818 2538 861 2601 55,
877 2538 952 2589 Rosa.
966 2538 983 2588 l.
1000 2536 1019 2587 l.
1032 2553 1096 2603 pag.
1107 2536 1151 2600 57)
1163 2537 1217 2587 hue
1230 2536 1368 2586 referant.

224 2602 409 2685 auiaoqpvoi
425 2553 691 2670 καταρρηγννμᾶοι
704 2619 767 2656 nao-
819 2605 862 2654 Tu
889 2605 943 2655 vid.
973 2606 1057 2656 etiam
1080 2608 1150 2657 nott.
1173 2604 1209 2654 ad
1231 2603 1368 2654 Herodot.

224 2667 280 2723 τὸν
292 2688 359 2731 τους
376 2664 540 2739 βαρβάρους
557 2665 651 2739 εἷχον;
671 2674 768 2738 quibus
819 2672 888 2722 VIII
919 2671 962 2723 39.

224 2740 365 2790 simillima
387 2740 516 2806 leguntur
539 2742 611 2807 apud
634 2742 769 2791 Iustinum
853 2710 904 2790 aul
927 2733 1085 2804 κατέλαβον
1109 2735 1231 2805 συχνούς
1255 2736 1365 2805 σφεων]

224 2808 322 2872 xxiv,
335 2807 352 2857 8
364 2809 448 2859 haee:
468 2816 577 2871 „terrae
591 2814 665 2859 motu
678 2810 768 2874 portio
819 2808 838 2859 i.
858 2811 1038 2875 annuosque
1061 2823 1147 2858 eorum
1169 2814 1367 2886 oppresserunt.

224 2877 322 2926 montis
352 2877 470 2942 abrupta
499 2876 640 2926 Gallorum
669 2877 769 2926 stravit
818 2875 875 2925 Ubi
892 2876 1005 2925 verbum
1022 2873 1268 2941 καταλαμβανειν,
1293 2875 1370 2940 quod

225 2944 408 2993 exereitum.“
449 2945 489 2994 Aa
509 2949 615 3009 negant
630 2943 768 2994 Diodorus
819 2944 972 3009 assequendi
997 2949 1026 2994 et
1048 2945 1256 3008 deprehendendi
1276 2942 1368 2993 notio-

224 3017 252 3060 et
262 3012 417 3061 Pausanias
428 3011 517 3076 ipsam
527 3011 662 3076 Apollinis
671 3012 767 3061 aedem
819 3026 883 3061 nem
900 3011 998 3075 habet,
1018 3012 1119 3061 transit
1136 3012 1166 3061 ia
1183 3011 1369 3076 significatio·

225 3095 242 3128 a
254 3079 346 3129 Persis
358 3079 494 3143 direptam
511 3093 572 3128 esso
584 3078 768 3143 incendioque
818 3094 882 3128 uem
898 3081 1071 3144 opprimendi,
1089 3081 1245 3143 occupandi,
1264 3077 1368 3143 quade

224 3151 378 3211 vastatam,
408 3145 589 3196 dissentiente
619 3145 767 3196 Plutarcho
818 3146 932 3196 urbibus
954 3147 1088 3212 terrisque
1113 3162 1200 3211 aequo
1224 3151 1306 3210 atque
1331 3145 1368 3196 do

224 3214 278 3263 vit.
291 3214 316 3263 N
318 3229 371 3267 um,
383 3212 408 3263 9.
421 3229 487 3278 pag.
501 3211 585 3274 660,
604 3212 650 3278 qui
665 3206 715 3263 τὸν
728 3206 768 3264 ir·
819 3213 973 3264 hominibus
992 3214 1048 3264 diei
1062 3218 1180 3265 constat.
1215 3214 1278 3263 Vid.
1292 3213 1368 3264 Tbe-

161 3294 165 3301 ·
224 3275 276 3345 ρὸν
299 3273 405 3346 λύχνον
433 3282 492 3332 sive
522 3284 663 3330 aeternum
690 3281 768 3333 illum
818 3295 891 3330 saur.
904 3283 984 3347 Ling.
998 3281 1096 3333 Graec.
1110 3283 1157 3333 IV.
1173 3297 1238 3348 pag.
1254 3279 1321 3330 1116
1338 3287 1369 3331 et

222 3350 329 3413 ignem,
354 3364 414 3398 eum
432 3348 562 3413 templum
586 3364 603 3398 a
620 3348 709 3398 Medis
728 3350 768 3398 in·
821 3348 1129 3401 lllled.l)indorf.-
1147 3340 1313 3415 ἀλαλαγμὸς
1331 3349 1367 3399 de

223 3417 421 3476 damnaretur,
444 3417 607 3465 exstinetam
630 3431 690 3467 esse
712 3421 767 3466 tra·
819 3416 936 3466 militum
955 3416 1075 3467 clamore
1092 3418 1226 3483 inpugna
1239 3417 1367 3481 adeoque

224 3484 273 3534 dit.
296 3484 376 3549 Apud
389 3483 556 3533 Herodotum
568 3483 608 3532 nil
621 3484 768 3549 quidquam
819 3483 928 3534 ululatu
940 3484 1053 3547 dieitur;
1066 3486 1123 3535 vid.
1136 3485 1270 3536 Thesaur.
1283 3485 1367 3551 Ling.

223 3551 327 3616 legitur
339 3551 396 3600 tale
408 3551 445 3610 11,
463 3549 518 3600 180.
532 3552 564 3613 V,
577 3549 620 3600 112.
645 3551 768 3602 Ctesiam
819 3550 866 3601 Gr.
879 3552 901 3602 1.
919 3568 947 3617 p.
961 3550 1027 3602 1363
1046 3552 1088 3602 ed.
1101 3552 1197 3615 Dind.;
1216 3552 1289 3618 apud
1301 3552 1369 3602 Plu·

224 3620 249 3669 si
267 3619 409 3668 audiamus
427 3618 516 3668 Perse.
529 3619 672 3684 Ereerptt.
686 3620 710 3679 ξ.
723 3620 766 3680 25,
818 3619 943 3669 tarehum
968 3620 1097 3685 frequens
1119 3620 1223 3671 haecce
1245 3636 1311 3677 vox,
1336 3624 1368 3670 ut

222 3685 382 3735 Mardonius
395 3701 412 3734 a
424 3686 514 3735 Xerxe
528 3687 627 3736 missus
640 3687 674 3736 ad
685 3686 768 3752 Apol·
818 3683 876 3736 loci
898 3687 1046 3737 ostendunt
1068 3686 1180 3738 eolleoti
1203 3704 1220 3738 a
1237 3688 1369 3751 Wytten·

223 3752 288 3802 linis
313 3753 410 3802 aedem
432 3768 444 3803 s
465 3754 603 3803 oliandam
626 3755 665 3804 ibi
688 3769 768 3804 oocu-
819 3753 920 3805 baebio
943 3755 972 3805 in
995 3755 1090 3805 Indice
1112 3754 1222 3807 Morall.
1240 3755 1320 3820 VllI,
1343 3754 1367 3807 1.

223 3813 423 3885 111111χα11ἒζης
451 3813 625 3888 mareoticae
636 3821 766 3886 παχείας,
818 3837 883 3887 pag.
902 3820 945 3873 65.

224 3887 242 3937 i.
256 3905 280 3936 e.
294 3889 427 3952 grandine
441 3889 587 3954 ingruente
600 3905 704 3940 crassa.
727 3891 767 3941 Ao

224 3970 291 4004 sane
314 3955 355 4004 ita
373 3955 472 4006 Persas
494 3956 635 4019 retulisse,
660 3973 731 4022 quae
750 3973 768 4007 a
871 3983 874 3989 ·
970 3992 991 4042 c
1056 3992 1202 4044 XXXVIII

224 4021 339 4073 Graecis
358 4022 423 4072 dein
441 4025 536 4073 mirum
550 4026 578 4073 in
590 4024 697 4075 modum
711 4041 766 4075 am·
993 4008 1037 4043 ¹¹²⁶
1203 4028 1211 4043 ⁸

223 4088 312 4166 pliqta
324 4094 352 4139 et
362 4098 495 4140 exornata
505 4092 568 4155 sint,
584 4092 680 4143 eredas
691 4093 766 4145 licet.
853 4082 1053 4160 ἐνεπεπτώκεε]
1078 4094 1111 4144 In
1129 4094 1270 4145 Sanorofti
1293 4093 1366 4146 libro

257 4148 317 4206 απὸ
333 4150 366 4207 dl
382 4156 433 4207 τοῦ
451 4158 534 4223 Παρν
555 4158 624 4210 ατοῦ
640 4151 767 4225 sinopon-
819 4150 990 4221 ἐπεπτώκεε,
1006 4162 1035 4211 in
1048 4161 1104 4212 alio
1117 4162 1188 4212 libro
1202 4154 1364 4213 ἐπεκεκτοὶ·

223 4224 317 4302 νεξσαρ
331 4219 384 4274 ‹lu'o
400 4224 527 4290 κορυφαὶ
536 4175 680 4292 {otperto
692 4253 726 4264 --
738 4220 768 4288 a
817 4242 874 4281 aar.
909 4229 952 4278 'l'u
969 4229 1005 4279 os.
1019 4230 1065 4293 IV,
1078 4228 1138 4280 203.
1154 4229 1265 4291 V11,43
1283 4236 1313 4280 et
1330 4232 1366 4281 do

224 4289 339 4356 αοτονς]
356 4292 452 4342 Plures
466 4308 526 4344 esse
540 4295 671 4346 Parnassi
682 4312 764 4360 κορν·
817 4295 960 4361 plusquam
982 4298 1079 4347 erieeti
1091 4313 1141 4347 usu
1151 4296 1306 4348 1111111161.
1315 4297 1364 4353 Gr.

224 4353 283 4423 φας
301 4361 356 4410 iam
374 4374 457 4425 supra
475 4361 641 4428 adVllI,2'l
659 4363 767 4416 101132
817 4363 941 4429 65011
969 4400 976 4414 .
1010 4364 1147 4416 Advooes
1166 4358 1367 4420 itinerator
