2932 5124
383 1048 924 1151 HPOAOTOF

260 1198 650 1350 ΙΣΤΟΡΙΩΝ
687 1248 905 1351 ἘΝΝΑ
925 1269 1036 1351 ΤΗ.

533 1486 762 1493 ——————-—-

465 1641 829 1709 ΚΑΛΛΙΟΠΗ.

53 1848 93 1898 tsi
154 1810 455 1907 ΜΑΡΔΟΝΙΟΣ
481 1834 534 1923 δὲ,
567 1832 612 1916 ὥς
639 1840 674 1904 ol
692 1832 921 1924 ἀπονοστήσας
943 1831 1156 1923 Ἀλέξανδρος
1178 1830 1244 1902 teil

93 1937 160 2030 παρ’
183 1938 399 2032 Ἀθηναίων,
416 1942 576 2034 ἐσήμηνε,
608 1941 770 2036 ὁρμηθεὶς
804 1948 840 2015 ἐκ
863 1953 1047 2033 Θεσσαλίης
1074 1933 1134 2032 ἦγε
1160 1941 1222 2032 την

93 2041 235 2132 στρατιὴν
252 2047 387 2134 σπουδῇ
404 2048 456 2116 ἐπὶ
474 2043 531 2127 τὰς
547 2042 707 2136 Ἀθήνας.
736 2042 817 2118 ὅκου
845 2047 882 2116 ‹ii
908 2045 1061 2117 ἑκάστοτε
1083 2054 1220 2133 γίνοιτο,

92 2141 215 2226 τούτους
232 2144 476 2237 παρελάμβανε.
500 2165 586 2219 τοῖσι
606 2149 642 2218 δὲ
661 2157 845 2237 Θεσσαλίης
857 2142 1069 2238 ιἡγεομένοισι
1087 2145 1166 2217 οὔτε
1182 2143 1222 2216 τοὶ

89 2242 146 2337 πρὸ
161 2250 220 2317 τοῦ
236 2250 454 2371 πεπρηγμένα
471 2253 629 2340 μετέμελε
645 2247 759 2340 οὐδὲν,
778 2255 890 2344 πολλῷ
906 2278 942 2320 τε
960 2254 1085 2340 μᾶλλον
1098 2253 1221 2337 ἐπῆγον

301 2479 366 2530 cm
385 2481 408 2531 Ι·
573 2476 576 2481 -
677 2448 872 2565 Corpslruetion
892 2453 944 2498 etc.
969 2444 1221 2511 (ilonaster.1855)

119 2573 151 2630 a&
166 2571 238 2645 παρ’
258 2569 427 2648 Ἀθηναίων]
453 2582 500 2633 Sic
517 2584 625 2650 scripsi,
676 2517 784 2634 §votor
809 2576 841 2633 δὲ
860 2580 1017 2647 Θεσσαλίης
1041 2572 1222 2647 ἡγεομένοισι

91 2648 262 2728 οξΥΙΙΙώῥ,
279 2649 328 2710 nbi
343 2649 500 2715 impiare.
535 2651 626 2717 Vulgo
677 2678 708 2686 -
728 2645 860 2717 μετέμελε
881 2642 979 2715 οὐδέν]
1009 2651 1065 2700 Pur
1089 2649 1222 2699 orationis

92 2709 211 2782 πεπαρὰ
230 2714 402 2782 Αθηναίαν,
423 2718 521 2783 quibus
532 2725 625 2769 mente
677 2724 816 2769 structura
828 2718 922 2779 vl‚3‚
942 2718 990 2768 uui
1004 2718 1059 2769 vid.
1074 2721 1142 2766 nott.
1178 2717 1221 2765 De

93 2778 148 2835 addi
157 2788 249 2850 potest
261 2779 418 2849 λεχθέντας
437 2792 467 2836 tu
477 2786 533 2836 rid.
543 2801 626 2852 snpra
677 2785 822 2852 particulis
839 2776 903 2836 οὔτε
916 2812 950 2821 -
962 2800 991 2835 τε
1009 2785 1065 2835 dixi
1084 2785 1119 2834 sul
1132 2785 1182 2841 VI,
1199 2783 1222 2833 l.

92 2848 157 2914 llll,
169 2851 225 2915 1⁴3,
237 2852 287 2901 nbi
298 2868 368 2917 quae
377 2852 533 2904 Alexandro
542 2854 626 2904 Athe·
677 2847 707 2904 οί
719 2851 877 2918 Θεσσαλίης
889 2845 1041 2919 ἡγεόμενοι
1054 2853 1136 2902 iidem
1149 2856 1221 2914 sunt,

90 2918 191 2970 nianses
202 2920 410 2985 responderint,
422 2920 560 2987 leguntur.
583 2923 626 2972 In·
678 2924 725 2986 qui
743 2937 805 2971 mox
824 2924 914 2987 capt
938 2926 1071 2971 uocantur
1089 2914 1119 2970 οί
1135 2918 1222 2970 συνα-

92 2984 128 3036 ira
142 2988 196 3049 ΙΧ,
212 2988 242 3038 5:
263 2981 341 3054 ἔλεγε
357 2981 393 3038 τοὶ
410 2983 489 3053 παρὰ
506 2988 626 3053 Μαρδο-
678 2982 825 3048 στεύοννες
847 3006 868 3040 s.
892 2982 922 3038 οί
945 2984 1099 3053 δυνασταλ,
1123 2989 1159 3049 V,
1179 2986 1222 3037 66.

92 3048 156 3104 'lw-
678 3058 730 3119 IX,
745 3058 791 3115 41,
803 3057 968 3107 Thessaliae
981 3058 1131 3122 principes,
1151 3057 1224 3105 inter

119 3114 257 3189 ὅρμηθελς
266 3114 299 3173 ἔα
308 3120 477 3190 Θεσσαλίης]
491 3124 580 3190 Artigi
592 3125 627 3174 ad
679 3140 746 3190 quos
760 3125 929 3189 potissimum
938 3126 1069 3175 Aleuadae
1083 3124 1223 3187 (uid.nott.

92 3188 158 3249 vm,
182 3190 241 3244 133.
274 3191 377 3241 Incidit
398 3191 452 3243 hoe
476 3193 505 3242 in
527 3208 628 3242 annum
680 3193 715 3242 ad
727 3193 793 3255 Vll,
813 3192 854 3255 ti),
873 3194 918 3256 qui
929 3194 1060 3242 Larissae
1079 3193 1223 3255 imperium

92 3256 173 3308 ⁴⁷9⁸.
192 3258 257 3311 chr.
276 3275 304 3308 n.
343 3259 383 3310 Ae
400 3259 499 3310 scribit
513 3260 626 3310 Diodor.
679 3261 826 3319 tenebant,
858 3275 1023 3324 quorumque
1047 3274 1115 3308 uuus
1140 3260 1225 3308 etiam

92 3323 137 3385 xl,
148 3324 189 3375 ts.
203 3325 246 3389 30,
265 3327 438 3377 Mardonium
455 3333 567 3393 praeter
583 3343 629 3379 eo·
678 3327 727 3377 ille
741 3328 794 3377 fuit
806 3327 919 3389 Τλοινιπ,
935 3329 1010 3376 ouius
1021 3326 1142 3375 eiusdem
1152 3341 1225 3375 men·

92 3392 144 3455 pias
153 3395 271 3445 aXerxe
282 3400 415 3460 acceptas
424 3395 554 3446 habuisse
567 3394 628 3461 plus
678 3396 717 3445 tio
730 3394 761 3444 fit
772 3396 824 3457 IX,
838 3394 871 3443 58
890 3394 952 3445 eoll.
965 3394 1077 3443 Pindar.
1096 3393 1176 3455 Pyth.
1190 3394 1224 3453 X,

92 3458 225 3512 uacarios
234 3461 311 3512 mille
320 3463 395 3512 viros
406 3479 420 3511 e
431 3463 561 3527 Thracia,
570 3465 629 3513 Mo·
662 3478 667 3487 ·
682 3460 730 3513 100
747 3479 822 3527 seqq.
841 3468 869 3511 et
882 3462 961 3511 Ovid.
979 3463 1021 3511 lb.
1035 3459 1084 3511 325
1103 3460 1160 3521 (ubl
1174 3461 1226 3509 La·

93 3529 200 3579 tadonis
217 3529 336 3595 aliisque
351 3531 514 3581 civitatibus
532 3544 628 3582 eonse-
680 3534 791 3581 n'aaaeus
804 3529 926 3593 Alenus),
946 3530 991 3593 qui
1003 3529 1121 3578 Xerxem
1134 3528 1194 3579 seil.
1210 3544 1224 3577 e

93 3596 177 3659 antis,
196 3598 239 3647 ita
250 3598 412 3649 ntomninm
428 3598 628 3649 ineritsumma
681 3599 801 3648 Graecia
826 3598 978 3663 fugientem
1002 3601 1045 3646 est
1070 3598 1224 3647 comitatus.

92 3664 257 3731 quingenties
272 3664 360 3718 mille.
390 3667 450 3728 Quo
464 3682 532 3717 sane
545 3667 628 3732 perti·
679 3667 804 3730 Namque
833 3664 971 3715 Alouadas
1000 3666 1099 3713 Xerxis
1131 3670 1225 3729 partes

92 3736 146 3793 net,
156 3734 228 3798 qnod
240 3748 326 3799 snpra
338 3733 374 3783 ed
386 3734 452 3797 vn,
466 3732 515 3783 110
528 3733 591 3785 coll.
604 3734 628 3797 Ι,
680 3740 791 3783 strenue
811 3732 951 3798 amplexos
969 3749 1030 3783 esse
1048 3733 1173 3781 norimus
1192 3748 1226 3782 ex

94 3797 134 3849 m
154 3802 326 3864 notavimus,
350 3801 451 3851 Persas
473 3807 571 3867 gentes
588 3803 629 3852 si·
680 3801 783 3851 Herod.
797 3802 861 3863 Vll,
879 3800 934 3849 172.
950 3798 998 3848 its
1017 3800 1081 3849 coll.
1096 3798 1158 3860 130;
1179 3816 1224 3849 eo·

93 3868 202 3919 etserel
212 3868 284 3919 ultro
296 3869 406 3920 deditae
416 3884 508 3919 seeum
518 3869 628 3919 duxisse
680 3882 793 3933 rumque
818 3868 972 3933 exemplum
995 3868 1116 3931 reliquos
1141 3869 1224 3918 etiam

92 3932 249 3987 inexercitn
261 3936 428 3998 militantes,
443 3952 528 4002 eoque
544 3938 628 3988 etiem
680 3936 845 3986 Thessaliae
870 3937 1002 4001 dynastas
1030 3941 1139 3985 secutos
1163 3950 1224 3985 esse

93 4005 235 4067 pertinent,
258 4018 329 4069 quse
347 4020 409 4054 mox
425 4003 471 4054 hio
487 4004 629 4069 leguntur:
680 4003 826 4069 probabile
840 4010 890 4054 est.
916 4004 994 4065 Quod
1005 4004 1140 4067 sequitur,
1159 4003 1224 4053 πολ-

93 4066 200 4132 τοόιους
216 4065 431 4138 παρελάμβανε,
452 4074 470 4121 i.
484 4089 508 4123 e.
526 4074 572 4123 Iros
589 4088 630 4122 os·
682 4069 720 4135 λῷ
735 4086 766 4121 τε
783 4070 892 4137 μᾶλλον
911 4063 1018 4136 ἐπῆγον
1037 4063 1088 4120 τὸν
1100 4065 1225 4135 limena,

92 4144 197 4202 uuit,
211 4140 261 4191 ubi
272 4132 392 4198 τούτους
403 4140 523 4190 refertur
536 4141 570 4190 ad
584 4155 631 4190 an·
680 4139 759 4190 valet
777 4142 953 4205 „interprete
969 4141 1046 4191 Aem.
1060 4139 1155 4201 Porto,
1180 4155 1225 4188 ou-

92 4207 215 4259 teeedens
226 4197 320 4267 ὅπου,
334 4209 383 4259 i.e.
395 4200 409 4259 ἐ
415 4224 432 4257 ν
444 4223 465 4257 s.
475 4197 558 4272 παρ’
567 4201 603 4257 ol
607 4224 630 4269 ς,
682 4207 744 4270 „ius
757 4208 840 4258 etiem
854 4224 903 4257 nos
913 4208 1078 4257 sententiam
1091 4207 1118 4255 in
1132 4212 1227 4256 nostra

93 4270 122 4321 de
136 4290 188 4339 qua
204 4277 303 4341 synesi
320 4291 408 4340 nuper
420 4276 572 4340 disputavit
583 4277 631 4327 Fr.
682 4277 826 4337 „versione
845 4276 1038 4340 expressimus:
1056 4277 1130 4324 οιαλλο
1147 4275 1226 4338 ιιιαγίο

93 4338 213 4395 Gmeter:
243 4344 339 4394 Ueber
364 4343 409 4393 die
430 4344 544 4407 Syuesis
566 4345 632 4393 oder
682 4344 809 4405 „Persam
831 4342 976 4408 (adversus
998 4342 1131 4405 Graecos)
1153 4343 1224 4390 insti·
