2952 5156
434 386 640 445 uerum.
664 386 753 446 vm.
776 394 910 449 ω-ω.
1188 364 1239 452 '91

96 573 213 644 ναΐας,
237 554 347 645 φυγάς
370 584 406 626 τε
425 558 481 627 καὶ
498 555 587 647 παρὰ
606 555 754 646 Μήδοισι
778 554 909 646 λόγιμος
933 554 1108 648 γενόμενος
1125 560 1244 630 τοῦτον

97 656 158 729 τὸν
182 656 322 749 χρόνον,
351 662 479 728 ἐπείτε
503 662 645 746 ἐκείρετο
668 654 688 747 ἡ
709 655 836 747 Ἀττικῆ
860 658 950 749 χωρη
974 655 1039 730 ὑπὸ
1062 663 1122 730 τοῦ
1144 666 1245 747 πεζοῦ

1 770 2 779 ’
97 764 248 849 στρατοῦ
269 764 331 829 τοῦ
351 758 498 849 Ξέρξεω,
528 763 627 830 ἐοῦσα
657 764 776 850 ἐρῆμος
796 756 1001 850 Ἀθηναίων,
1030 779 1143 851 τυχεῖν
1171 762 1243 833 τότε

101 861 166 932 ἐων
189 859 261 952 ἅμα
278 860 468 955 Δημαρήτῳ
491 866 538 955 τῷ
555 867 808 955 Λακεδαιμονίῳ
832 866 868 933 ἐν
886 866 933 956 τῷ
955 872 1103 957 Θριασίῳ
1122 871 1242 958 πεδίῳ·

100 971 189 1035 ἰδεῖν
216 965 254 1034 dl
271 961 445 1055 κονιορτὸν
468 967 633 1053 χωρέοντα
656 960 720 1034 clud
740 959 941 1050 Ἐλευσῖνος,
967 961 1010 1047 ὦς
1028 961 1163 1056 ἄνδρων
1184 965 1243 1057 μά-

99 1063 196 1136 λιστα
220 1095 263 1154 κη
286 1072 506 1155 τρισμυρίων·
525 1062 781 1155 ἆποθωνμάζειν
804 1069 842 1136 τί
856 1088 962 1156 σφεας
979 1064 1037 1138 τὸν
1059 1067 1242 1159 κονιορτὸν,

97 1165 207 1240 ὅτεων
231 1195 307 1238 κοτε
324 1176 376 1256 εἴη
393 1163 603 1258 ἀνθρώπων,
628 1170 684 1238 καί
702 1165 809 1258 πρόκα
826 1196 861 1238 τε
880 1172 995 1258 φωνῆς
1012 1165 1164 1259 ἀκούειν,
1189 1178 1248 1241 καί

97 1374 180 1435 purte
205 1368 381 1418 excitaverat
402 1368 492 1419 Creta.
516 1370 544 1417 in
568 1368 647 1418 Cem·
699 1370 767 1419 rium
780 1368 916 1434 Dsphnue
933 1370 1015 1420 situm
1033 1374 1087 1433 est,
1111 1371 1182 1421 unde
1197 1373 1244 1422 vis

96 1442 196 1487 mentt.
210 1436 332 1486 Herodd.
346 1453 372 1501 p.
384 1434 445 1487 234.
699 1453 774 1487 mere
784 1452 880 1487 versus
890 1438 1048 1488 descendit:
1059 1439 1112 1500 „sd
1124 1438 1188 1488 litus
1198 1440 1243 1490 de·

132 1496 202 1555 ἒκεί
216 1518 248 1554 τε
266 1494 390 1566 ἐκείρετο
407 1520 432 1553 ιι.
446 1519 471 1553 τ.
485 1501 522 1570 t]
547 1504 649 1570 Attigit
699 1505 841 1555 scendenti
859 1505 933 1565 (suut
945 1506 1029 1555 verbu
1042 1506 1157 1557 Prelleri
1170 1507 1187 1556 l.
1202 1507 1241 1569 1.),

97 1573 231 1622 Eustuth.
245 1572 280 1621 sd
292 1571 335 1623 Ili.
348 1587 413 1638 pag.
426 1569 490 1633 364,
504 1571 537 1622 25
549 1587 570 1623 s.
582 1587 647 1638 pag.
699 1588 753 1637 quo
769 1573 830 1623 leco
846 1573 955 1623 Eleusis
973 1574 1088 1639 primum
1107 1577 1242 1640 conspici-

97 1641 148 1689 ⁴75
165 1640 214 1690 lin.
700 1649 757 1701 tur,
771 1641 906 1692 convellis
920 1642 1057 1706 excipitur
1069 1643 1169 1708 augurio
1188 1659 1243 1693 me·

131 1710 234 1773 τυχεῖν
250 1702 313 1758 τότε
330 1699 394 1772 ἐὸν]
414 1708 501 1758 Recte
514 1708 607 1774 Viger.
621 1723 647 1773 p.
699 1708 830 1759 ridiensli
848 1709 938 1774 campi
954 1709 1089 1772 Thriasii,
1130 1724 1183 1759 use
1201 1727 1243 1760 re·

96 1775 163 1827 issi:
186 1778 257 1827 dixit
275 1791 305 1826 se
320 1782 371 1825 turs
386 1777 460 1840 sorte
479 1775 569 1838 [κίειν.
605 1777 648 1827 De
700 1778 746 1842 gio
771 1791 934 1841 quemquern
958 1792 1030 1827 nunc
1055 1725 1178 1827 sterilior
1202 1785 1244 1828 est

101 1844 222 1894 masio
247 1859 358 1909 cumpo,
389 1844 435 1909 qui
459 1844 495 1893 sb
519 1844 648 1895 Eleusine
700 1844 842 1909 rariusque
856 1844 998 1895 arboribus
1011 1846 1132 1907 consita,
1150 1850 1244 1896 temen

95 1913 248 1962 Boeotium
269 1927 365 1962 versus
388 1916 517 1961 extensus
536 1912 648 1962 multum
700 1912 764 1962 olim
778 1912 879 1962 fertilis
897 1919 925 1962 et
937 1912 1047 1963 culture
1058 1913 1188 1977 frequens
1201 1914 1244 1963 fu-

95 1980 192 2046 patuit
219 1980 346 2044 beneque
374 1980 496 2030 discerni
525 1980 608 2030 debet
631 1996 648 2030 e
699 1983 756 2030 isse
777 1980 898 2030 videtur:
921 1996 985 2030 uum
1006 1986 1117 2031 constet
1136 1981 1243 2032 demum

97 2064 200 2113 cumpo
223 2048 335 2110 liborio,
360 2049 408 2113 qui
431 2049 519 2098 minor
542 2049 649 2098 ambitu
699 2049 855 2098 'Phriesium
872 2048 900 2097 in
912 2048 965 2098 hec
978 2050 1038 2114 ipso
1051 2048 1139 2099 litoris
1151 2054 1242 2100 tractu

97 2117 176 2167 inter
187 2131 263 2165 mure
281 2122 310 2167 et
327 2115 427 2165 collem
445 2115 534 2178 illum,
553 2118 647 2180 inquo
699 2117 781 2166 situm
794 2116 894 2178 fuisse,
912 2117 1112 2167 nobilissimum
1125 2117 1201 2167 illum
1216 2124 1244 2168 et

97 2200 149 2234 ιη
166 2184 313 2234 Eleusinia
329 2184 418 2233 tuisse
437 2184 536 2242 fertur,
554 2189 648 2234 exten·
699 2185 799 2249 priscis
817 2184 983 2249 temporibus
1005 2184 1073 2235 edes
1091 2191 1242 2251 potentem,

97 2251 231 2312 debetur,
248 2251 304 2301 rid.
318 2252 473 2316 interpreti.
493 2251 527 2300 sd
539 2251 648 2313 Thucy·
698 2257 730 2301 ut
740 2267 839 2302 nemen
856 2267 933 2301 suurn
950 2258 979 2302 et
995 2253 1031 2303 nd
1047 2258 1153 2318 portem
1166 2254 1242 2303 illem

98 2319 155 2370 did.
168 2319 211 2381 Il,
227 2318 259 2369 19
275 2319 328 2379 (ed.
342 2320 445 2384 Puppe.
459 2319 486 2379 1,
498 2321 523 2368 2.
537 2336 563 2384 p.
576 2318 647 2381 256).
698 2320 876 2380 Athenarum,
890 2335 943 2383 qua
952 2320 981 2369 iu
993 2321 1067 2371 viem
1079 2337 1185 2372 sucrum
1197 2338 1242 2371 ex·

98 2387 221 2437 Psussn.
231 2388 259 2450 1,
269 2386 312 2437 38.
323 2389 347 2448 §-
357 2386 382 2436 b.
398 2387 498 2437 Herod.
508 2388 560 2449 lx,
572 2388 588 2435 7
600 2386 646 2437 fin.
699 2388 805 2450 ibetur,
829 2392 858 2436 et
880 2387 915 2437 ed
936 2402 1061 2452 campum
1083 2391 1243 2453 patentissi-

101 2455 193 2505 Strsb.
206 2456 255 2505 lx.
269 2472 294 2520 p.
308 2452 366 2505 395.
384 2453 524 2506 Plutarch.
537 2454 647 2506 Themi-

102 2523 229 2573 stocllb.
243 2522 371 2588 Pelop.8.
384 2523 461 2573 Aret.
471 2521 518 2574 33:
532 2538 603 2588 quae
613 2539 647 2573 er

104 2596 180 2655 pute
203 2592 261 2641 ium
279 2590 373 2641 attulit
389 2590 510 2641 Sintenis
531 2591 566 2641 ed
583 2590 647 2640 Plu·

106 2658 189 2709 tarch.
198 2658 377 2709 Themistocl.
389 2656 481 2723 plus.
494 2657 645 2709 Ctliruse:

109 2725 201 2776 Eellss
213 2728 241 2785 1,
255 2728 281 2776 2.
299 2742 363 2792 psg.
379 2724 428 2776 178
440 2742 497 2790 seq.
518 2725 579 2783 180,
601 2728 648 2792 qui

109 2800 176 2845 reete
198 2795 302 2845 iterim
319 2793 425 2859 δῆμον,
443 2794 515 2843 unde
532 2794 647 2846 Thriasio

108 2876 200 2927 rumpo
223 2877 338 2924 nomen,
363 2878 396 2912 ee
419 2862 482 2913 loco
505 2863 648 2914 exstitisse

107 2932 193 2993 ponit,
216 2946 270 2996 quo
292 2946 307 2979 e
329 2930 458 2980 faucibus
480 2931 526 2994 qui
542 2932 648 2995 egressi

108 3004 166 3047 sunt
177 3014 253 3048 mare
265 3013 362 3048 versus
371 2998 580 3057 descendentes,
594 3000 648 3048 rui·

107 3066 303 3131 requestam
321 3066 496 3131 conspiciunt
515 3067 543 3115 in
560 3066 648 3132 pleni-

2 3152 10 3197 ρ
106 3134 142 3183 tie
152 3134 218 3184 inde
230 3139 372 3199 porrecte:
394 3148 478 3198 suprn
490 3134 648 3184 Eleusinem

108 3200 130 3249 iu
141 3203 235 3252 medis
248 3201 378 3267 planitie,
392 3201 454 3252 loco
468 3200 503 3251 ab
515 3201 648 3253 Eleusine

699 2470 784 2516 mum,
815 2456 861 2520 qui
890 2455 926 2504 eb
951 2455 1072 2519 Aeguleo
1097 2472 1184 2521 usque
1208 2458 1244 2506 sd

699 2524 857 2573 Eleusinem
870 2521 998 2588 oppidum
1012 2524 1168 2587 porrigitur,
1183 2535 1251 2588 pro-'

698 2589 874 2657 pegsverit.“
909 2590 951 2640 nd
964 2591 1066 2639 exitum
1083 2591 1163 2641 huius
1182 2606 1244 2641 con-

698 2659 794 2721 vellis,
814 2674 884 2724 quae
898 2674 914 2708 s
928 2659 1095 2709 monasterio
1107 2659 1244 2724 Daphnes

699 2728 810 2792 incipit,
839 2726 961 2792 vestigia
989 2725 1123 2790 quaedum
1151 2726 1244 2777 aedifi·

699 2797 803 2845 ciorum
820 2795 994 2859 antiquorum
1011 2795 1120 2844 invenit
1131 2794 1245 2844 Eiedler

699 2863 793 2927 (Reise
811 2861 896 2912 durch
909 2860 1114 2913 Griecheulsnd
1132 2863 1153 2914 l.
1172 2879 1197 2927 p.
1211 2862 1245 2912 80

699 2931 783 2996 seql,
803 2945 873 2995 quse
891 2929 926 2979 ed
940 2935 1063 2980 veterem
1076 2929 1188 2980 'l'hrium
1202 2947 1244 2980 re-

699 2999 773 3049 ferre
787 2998 859 3048 idem
871 2997 943 3058 vult,
962 2999 1069 3048 tristem
1083 2999 1243 3064 adspectum

699 3082 772 3116 nuuc
784 3066 917 3132 praebere
930 3065 1001 3116 hunc
1014 3067 1155 3131 regionem
1168 3066 1244 3116 affir-

699 3150 785 3195 mans,
798 3134 897 3199 quippe
908 3135 980 3198 aqut
989 3133 1162 3196 destitutsm3
1173 3151 1244 3199 quse

699 3203 724 3252 si
736 3206 907 3268 suppeteret,
931 3202 965 3252 sd
982 3203 1100 3267 priorem
1113 3202 1242 3251 fertilita-

3 3286 5 3329 ς
105 3276 205 3320 remoto
223 3269 313 3320 tribus
334 3268 498 3319 milliaribus
514 3268 648 3336 Anglicis,

699 3276 755 3321 tem
779 3270 919 3335 regionem
945 3268 1045 3320 adduci
1068 3284 1148 3335 posse
1171 3269 1244 3319 idem

700 3339 813 3388 iudicet.

105 3352 154 3400 quo
178 3337 269 3387 sdhuc
293 3338 390 3386 ruinse
413 3337 548 3401 quaedem
569 3353 648 3403 repe·

734 3401 810 3455 ίδείν
828 3397 870 3469 dl]
895 3397 927 3454 dl
944 3405 1017 3454 mele
1037 3408 1067 3454 iu
1081 3404 1244 3470 quibusdum

104 3406 223 3468 riuutur,
247 3405 345 3470 quibus
362 3420 462 3455 nemen
475 3405 593 3469 Mugilla,
613 3405 649 3455 nd

103 3470 211 3525 luerem
235 3474 325 3538 ripam
350 3472 477 3538 Cephissi
502 3471 649 3534 (Ssrsudd-
700 3474 829 3523 omissum
841 3474 942 3523 retinui
953 3472 1094 3522 meliorum
1108 3472 1185 3522 codd.
1197 3488 1243 3522 eu-

104 3544 193 3605 pore),
217 3540 332 3591 Thrinm
355 3540 434 3606 ponit
455 3540 565 3590 Leuke:
595 3540 647 3590 Die
700 3541 839 3601 ctoritate,
853 3533 1180 3604 itemquodedipu'lsorcl
1192 3557 1242 3604 κη,

104 3609 224 3660 Themen
240 3610 361 3659 Attics's
384 3624 449 3674 png.
469 3607 517 3658 146
538 3624 553 3658 e
575 3624 646 3659 vers.
699 3609 748 3659 ubi
761 3608 810 3657 ulii
822 3622 884 3657 κον
896 3607 941 3658 vel
952 3623 1028 3658 πον.
1046 3609 1088 3657 Tu
1101 3609 1173 3658 conf.
1187 3609 1244 3657 lle·

104 3676 320 3728 westermenui:
343 3678 433 3726 minus
450 3677 547 3742 opiner
562 3682 647 3737 recte,
698 3677 756 3726 rod.
770 3677 797 3725 11
806 3714 812 3735 ,
827 3676 868 3725 75.
883 3676 934 3738 IV,
950 3675 1005 3725 174.
1020 3675 1087 3737 Vll,
1101 3675 1134 3725 30
1147 3682 1175 3724 et
1187 3676 1242 3725 vid.

104 3746 212 3796 utsstis
224 3743 552 3803 demonstreritPreller,
566 3759 647 3794 eccu-
699 3744 814 3794 Voemel
836 3743 868 3794 de
891 3759 959 3793 voce
979 3738 1101 3807 psittaco
1124 3744 1244 3793 numeris

105 3820 160 3864 rete
173 3814 208 3864 de
220 3813 265 3864 his
280 3828 421 3879 exponens
435 3812 610 3877 inDisputut.
620 3812 648 3862 ll
700 3811 797 3861 addite
818 3811 1003 3876 disputantem
1025 3811 1053 3859 in
1070 3812 1243 3861 Francofurt.

106 3880 136 3932 de
146 3883 193 3933 ris
210 3897 295 3932 sucre
306 3880 434 3946 (Dorpst.
452 3879 536 3943 1841.)
555 3895 618 3945 pag.
631 3879 648 3929 8
699 3881 906 3942 Progrsmmste
926 3880 990 3928 suni
1005 3876 1078 3927 1852.
1093 3894 1155 3943 pag.
1169 3878 1183 3925 7
1197 3895 1243 3943 po-

107 3963 157 4014 req.
192 3950 247 4011 Qui
265 3950 341 3999 euim
356 3947 473 3998 Athenis
489 3946 648 3997 Eleusinem
699 3948 835 4013 tissimum
854 3951 883 3997 et
898 3947 1038 4012 seqq.-De
1056 3946 1115 4011 ipso
1132 3961 1244 3996 numero

108 4018 326 4080 proficiscuntur,
345 4015 446 4076 colles,
465 4015 564 4080 quibus
576 4030 648 4064 cum·
699 4015 838 4064 hominum
850 4015 1054 4079 triptotumilium
1063 4013 1118 4065 vid.
1129 4019 1196 4063 nott.
1209 4015 1243 4063 sd

108 4100 152 4149 pus
164 4085 346 4137 Atheniensis
363 4100 381 4133 s
398 4083 527 4133 Thriesi0
548 4082 649 4132 disiun·
701 4082 738 4143 V,
751 4080 792 4131 97.
829 4082 883 4132 Pro
900 4073 1112 4146 α’ποθωμοίζων,
1135 4087 1166 4130 ut
1182 4096 1244 4130 curn

109 4154 185 4215 gitur,
196 4156 257 4205 sire
271 4155 367 4219 iugum
379 4151 463 4211 illud,
479 4151 550 4216 quod
562 4155 648 4201 tetum
701 4149 854 4215 Schweigh.
869 4149 984 4199 dederet
996 4148 1099 4210 (laist,
1114 4149 1243 4227 regoeevi

108 4222 215 4287 Aegalei
227 4236 331 4273 nomen
344 4219 444 4281 hebet,
460 4234 590 4284 superare
602 4218 649 4268 de·
700 4208 929 4282 ἀποθαυμάζων.
964 4216 1006 4266 Ad
1018 4218 1132 4267 formem
1147 4230 1243 4276 οτεων,

109 4288 167 4341 bcut
177 4291 222 4341 rit
234 4305 287 4357 per
298 4294 436 4354 angustos
448 4287 546 4336 lauces
558 4286 647 4345 ductu,
700 4300 771 4350 quse
794 4286 878 4335 etism
898 4284 1001 4349 legitur
1023 4284 1064 4347 11,
1085 4282 1144 4345 102,
1169 4283 1242 4332 cons.

110 4357 134 4407 iu
154 4359 249 4425 quibus
273 4356 391 4409 summis
417 4369 490 4404 nuuc
514 4358 647 4404 moneste-
700 4352 798 4404 Struve
808 4352 1010 4418 Spechsest.
1021 4350 1054 4401 de
1064 4351 1177 4400 dialect.
1187 4350 1242 4399 He·
