2866 5134
114 338 116 341 ’
179 379 239 439 ιιι
589 370 904 433 oouusurnuro

178 547 274 611 dotes,
294 545 357 613 aed,
382 553 413 598 ιιι
426 542 593 614 Dionysii*)
609 552 672 597 utar
686 544 795 612 verbis,
816 535 892 613 ripae
911 539 1004 599 dirui
1019 531 1119 606 κᾶλλος
1131 542 1181 599 aul
1193 540 1225 603 ed
1239 541 1322 616 λεγό-

176 650 261 702 μενον
276 627 354 693 ἰδίως
368 624 479 701 πλάσμα
499 625 638 699 irrependo
653 624 803 698 Ἡρόδοτος
824 627 888 699 ἔχει.
927 631 986 683 Nec
999 629 1077 683 aliter
1093 630 1266 684 statuendum
1281 632 1327 686 de·

177 718 341 772 orationihus
357 716 508 769 narrationi
525 716 596 768 haud
613 732 675 768 raro
694 715 823 782 insertis,
847 732 918 785 quae
939 720 1039 787 sponte
1058 715 1202 785 profluunt
1217 734 1249 770 er
1269 736 1323 775 ea·

178 804 238 856 dem
250 801 395 871 scriptoris
410 800 518 867 studio,
534 818 589 872 quo
609 800 697 854 omnia
712 800 750 852 ita
765 808 890 869 enarrat,
908 811 939 853 ιιι
952 800 1007 870 ipsi
1021 800 1120 853 adesse
1134 818 1222 871 eaque
1235 819 1322 870 prae-

178 894 273 941 sentes
289 887 430 957 percipere
446 886 525 939 nobie
542 885 693 939 videamur.
726 885 822 955 ltaque
843 903 857 937 a
872 885 1046 952 Thucydidis
1065 885 1235 939 erationibus
1249 888 1322 939 mul-

178 979 235 1026 tum
250 974 353 1025 absunt
372 979 491 1042 apteque
508 976 644 1024 vocantur
654 988 670 1023 a
681 969 842 1024 Marcellino
852 963 897 1042 **)
912 970 1150 1042 προοωνιοποιῖιιι,
1169 989 1228 1024 cum
1238 972 1322 1025 Thu·

178 1057 310 1127 cydideae
325 1056 461 1124 Dionysio
482 1056 540 1107 sint
558 1057 734 1126 δημηγορίαι.
775 1056 855 1119 Quae
875 1056 1015 1109 orationes
1037 1056 1109 1125 apud
1128 1056 1323 1125 Thucydiden

178 1161 258 1214 quam
270 1140 390 1219 ¹manime
408 1140 583 1194 necessariae
599 1159 658 1194 cum
681 1138 914 1215 iudicentur***)
935 1158 985 1209 pro
1006 1141 1067 1211 ipso
1089 1141 1181 1209 operis
1200 1142 1322 1196 consilio

178 1246 210 1280 ac
224 1226 361 1298 prepositi
376 1227 431 1278 fine
442 1226 562 1295 indeque
577 1227 611 1279 ad
627 1226 768 1280 veritatem
783 1226 904 1295 proxime
916 1225 1061 1292 accedant,
1077 1243 1171 1279 eorum
1182 1227 1228 1297 qui
1240 1227 1323 1280 dixe-

178 1317 245 1367 runt
266 1320 294 1365 et
314 1311 466 1363 sententias
487 1319 515 1363 et
531 1311 623 1381 ipsas,
648 1319 779 1381 quantum
800 1311 861 1364 fieri
876 1317 985 1380 potest,
1009 1328 1093 1364 voces
1111 1313 1264 1365 reserentes
1272 1313 1322 1379 †),

179 1397 258 1451 aliter
274 1396 347 1467 apud
359 1396 530 1449 Herodotum
541 1415 571 1450 se
587 1415 633 1449 res
649 1397 744 1449 habet:
767 1396 870 1466 quippe
885 1396 964 1448 cuius
976 1395 1117 1448 orationes
1132 1396 1170 1449 ita
1182 1397 1324 1466 composi·

177 1490 221 1534 tae
238 1490 266 1534 et
281 1480 474 1553 quodammodo
491 1480 571 1534 fictae
587 1487 668 1547 sunt,
690 1489 721 1535 ut
738 1481 766 1533 in
782 1481 931 1549 legentium
943 1481 1057 1549 gratiam
1073 1480 1192 1550 scriptae
1203 1482 1323 1535 videan-

179 1572 225 1619 tur
245 1566 396 1635 iisdemque
416 1584 478 1620 sese
494 1566 693 1620 accommodare
712 1566 857 1634 studeant,
880 1566 914 1618 ad
930 1566 1113 1635 sophistarum
1130 1583 1242 1635 morem,
1267 1569 1324 1637 qui

178 1658 282 1704 mature
303 1651 353 1702 iam
372 1651 401 1704 in
416 1650 532 1703 medium
547 1651 658 1721 prodire
674 1657 837 1720 coeperant,
861 1650 1032 1704 orationibus
1047 1651 1196 1705 artificiose
1209 1670 1326 1722 compo-

179 1737 242 1789 sitis
260 1735 415 1789 audit'orum
429 1735 545 1804 gratiam
560 1736 697 1805 captaturi
712 1735 895 1807 populumque
911 1735 1087 1790 delectaturiz
1108 1736 1143 1789 de
1157 1753 1212 1807 quo
1228 1737 1326 1790 Ηοιο-

178 1821 236 1874 doti
259 1821 352 1873 studio
373 1821 514 1888 sophistas
534 1820 688 1873 aemulandi
712 1821 763 1873 iam
786 1836 871 1890 supra
892 1821 1097 1886 §.ediximus
1139 1821 1178 1874 Ac
1198 1822 1326 1892 denique

179 1906 316 1976 poeticum
335 1907 470 1975 quendam
485 1905 603 1959 colorem
617 1907 651 1958 ab
668 1905 803 1959 Herodoti
820 1924 946 1959 sermone
959 1906 1066 1958 minime
1079 1908 1192 1972 abesse,
1208 1906 1253 1961 vel
1263 1910 1321 1961 llo-

179 1992 245 2044 meri
257 1991 387 2058 imitatio,
405 1991 439 2043 da
453 2007 508 2060 qua
519 2008 605 2061 supra
620 1991 752 2057 diximus,
767 1990 938 2063 aliorumque
952 1991 1094 2060 positarum
1106 1991 1213 2059 arguit,
1231 2000 1322 2045 testa·

179 2084 226 2128 tur
241 2094 296 2128 non
312 2075 399 2129 solum
414 2075 476 2144 ipsa
491 2076 583 2145 operis
594 2076 746 2129 Herodotei
762 2076 923 2145 compositio
937 2075 985 2144 (cl.
999 2093 1085 2145 supra
1095 2078 1121 2140 S.
1139 2080 1184 2149 12)
1198 2078 1232 2129 ad
1248 2080 1321 2147 epici

178 2160 305 2212 carminis
321 2160 454 2213 rationem
473 2160 622 2228 accedens,
638 2162 826 2214 verumetiam
842 2162 952 2215 dicendi
967 2162 1052 2226 ratio,
1069 2169 1112 2213 tot
1126 2160 1194 2214 locis
1212 2163 1247 2215 ad
1262 2164 1321 2215 He·

178 2263 279 2298 merum
297 2246 388 2298 efficta
403 2252 452 2298 aut
471 2245 536 2298 inde
552 2246 683 2315 repetita,
704 2247 732 2298 id
748 2247 822 2316 quod
841 2248 870 2299 in
887 2247 960 2299 notis
975 2247 1044 2300 satis
1062 2246 1219 2300 declarasse
1238 2249 1319 2302 uobis

179 2331 316 2399 videmur,
333 2330 468 2383 Herodoti
479 2329 621 2383 vocabulis
636 2330 754 2399 singulis
773 2349 804 2384 ac
818 2331 1005 2384 locutionibus
1018 2332 1053 2384 ad
1063 2331 1225 2385 Homericae
1237 2350 1318 2386 voces

178 2416 368 2486 dictionesque
385 2417 532 2469 revocatis.
565 2416 643 2470 Inter
663 2415 785 2487 reliquos
800 2418 898 2487 postas
914 2420 1064 2486 Aeschylum
1078 2422 1153 2470 certe
1167 2418 1322 2487 praeterire

179 2519 234 2554 non
256 2502 334 2567 licet,
355 2501 435 2553 cuiue
455 2508 498 2554 tot
516 2501 649 2555 formulae
663 2520 695 2553 ac
709 2501 862 2555 locutiones
879 2519 968 2572 aeque
984 2502 1163 2571 reperiuntur
1183 2503 1213 2555 in
1230 2503 1323 2557 Hero·

178 2586 235 2639 doti
252 2586 331 2639 libris
346 2587 374 2638 in
387 2585 613 2639 adnotationibus
624 2605 675 2640 suo
687 2604 814 2657 quaeque
827 2587 886 2640 loco
902 2587 1012 2640 anobis
1027 2586 1179 2655 indicatae,
1195 2596 1228 2641 ut
1237 2588 1324 2642 animi

179 2672 313 2741 quandam
329 2671 561 2725 necessitudinem
575 2674 649 2725 inter
664 2679 809 2741 utrumque
823 2672 1018 2726 intercessisse
1032 2671 1144 2740 credas,
1167 2673 1201 2726 de
1216 2689 1274 2745 qua
1291 2692 1324 2727 re

179 2756 230 2808 iam
253 2774 338 2825 snpra
354 2760 382 2820 S.
400 2756 573 2825 raptoribus
588 2756 755 2810 monuimus:
781 2774 942 2828 quamquam
962 2758 1075 2811 alterum
1095 2776 1129 2811 ex
1144 2757 1231 2811 altero
1252 2759 1322 2813 baa·

180 2843 253 2893 sisse
268 2839 339 2892 haud
354 2858 422 2892 sane
438 2841 568 2894 credibile
584 2849 637 2895 est.
670 2842 783 2895 Certum
796 2849 854 2910 est,
869 2843 1010 2896 Herodoto
1026 2843 1183 2896 innotuisse
1196 2843 1323 2911 Aeschy—

179 2924 234 2977 lum
251 2925 368 2993 eiueque
382 2925 504 2992 fabullae,
522 2932 554 2979 ιιι
567 2927 671 2979 diserte
684 2927 853 2980 demonstrat
866 2927 944 2981 locus
957 2928 995 2996 Il,
1010 2931 1074 2994 156,
1090 2927 1137 2981 ubi
1152 2930 1188 2981 cf.
1204 2936 1277 2981 nott.
1294 2936 1324 2982 et

179 3010 243 3061 add.
258 3010 406 3062 Hoffmann
427 3010 454 3061 in
471 3009 607 3080 Philolog.
626 3011 684 3062 XV.
703 3030 730 3081 p.
747 3017 814 3080 2253
837 3011 892 3064 aha
914 3029 1000 3083 supra
1017 3012 1035 3065 l.
1058 3013 1077 3064 l.
1093 3013 1145 3066 iam
1165 3013 1322 3067 attulimus.

181 3093 316 3162 Aeschylo
336 3094 487 3163 adiungere
509 3096 575 3149 licet
590 3099 745 3167 Sophoclem
766 3104 794 3150 et
812 3097 902 3167 ipsum
923 3097 1107 3152 fainiliaritate
1128 3098 1244 3169 quadam
1259 3117 1324 3153 cura

247 3291 262 3325 ,3
339 3295 345 3308 .
615 3297 621 3308 .
645 3297 651 3315 ,
953 3296 960 3311 .

247 3292 632 3441 l'ilEliidtlfhiudlyldidloglidl
645 3295 1007 3444 da’}lti)od⁷ildhdlriitiddda
1020 3363 1072 3426 (sc.
1086 3364 1257 3433 Herodotus)
1276 3359 1323 3418 26-

179 3443 237 3493 νων
253 3446 293 3488 ως
309 3427 544 3495 ποοσωποποιΐας
561 3429 670 3496 μᾶλλον
686 3447 760 3498 qnae
778 3431 964 3499 δημηγορίας.
999 3434 1128 3497 Dionysii
1148 3433 1241 3485 locum
1259 3436 1322 3496 (VI.

179 3514 205 3563 p.
220 3497 272 3615 'hig
282 3496 394 3616 {ieeislpl
411 3500 668 3618 sqpqaspameqttplio.
698 3501 741 3552 De
755 3506 870 3567 utroque
881 3501 936 3551 vid.
951 3502 1083 3552 Creuzer:
1100 3502 1207 3553 Hister.
1222 3504 1322 3555 Kanet-

181 3582 208 3630 Ρ.
247 3630 304 3700 m)
317 3581 513 3684 liffcpieuzen
524 3584 607 3685 qim,
618 3605 709 3685 Kurist
721 3635 746 3685 d.
761 3636 872 3686 Grieoh.
885 3653 949 3703 pag.
962 3636 1013 3687 216
1026 3638 1068 3688 ed.
1082 3654 1139 3688 sec.

248 3698 280 3779 f)
299 3701 362 3819 Ipse
374 3701 550 3766 Thucydides
562 3704 588 3765 l,
602 3704 636 3752 22
648 3705 689 3753 sic
701 3703 856 3782 prpfitetur:
879 3702 929 3756 aul
941 3694 993 3756 ὅσα
1006 3699 1144 3786 μινμῖόγομ
1156 3699 1243 3757 εἷπον
1255 3700 1324 3758 ἕνα·

180 3781 240 3818 οιοι
253 3786 270 3834 η
283 3785 303 3835 μ
320 3770 433 3827 ιιονιες
445 3763 617 3837 πολεμήσειν
628 3763 648 3837 ἢ
660 3763 691 3822 ἒν
704 3771 781 3839 αυτῷ
792 3765 849 3839 ἤδη
862 3762 955 3837 ὄντες,
970 3775 1094 3839 zelemus
1105 3791 1159 3840 την
1168 3766 1324 3841 ἀκρίβειαν

179 3827 272 3902 αὐτὴν
289 3835 346 3887 τῶν
363 3831 524 3904 λεχθέντων
542 3837 790 3905 διαμνημονεῦσαι
807 3830 845 3907 ἦν
862 3833 929 3907 ἐμοί
945 3857 974 3893 τε
991 3829 1031 3891 ὦν
1048 3834 1134 3901 αὐτὸς
1147 3835 1259 3909 ἥκουσα
1272 3841 1323 3895 ael

180 3906 241 3962 τοῖς
252 3896 380 3982 ἄλλοθέν
396 3906 492 3956 ποθεν
508 3898 570 3970 ἐμοὶ
586 3898 827 3972 uespertinum·
850 3900 888 3967 nic
902 3901 930 3960 δ’
944 3898 983 3960 ἂν
996 3902 1117 3960 ἐδόκουν
1130 3902 1193 3975 ἐμοι
1206 3906 1323 3964 ἔκαστοι

180 3968 247 4035 περι
265 3972 320 4022 τῶν
338 3969 385 4050 μοι
402 3968 552 4051 παριέντων
569 3968 603 4023 τοι
617 3971 721 4026 δέοντα
733 3967 846 4041 μάλιστ’
859 3972 965 4039 εἰπεῖν,
985 3969 1110 4054 ἐχομένῳ
1122 3967 1164 4029 ὅτι
1179 3970 1323 4046 ἐγγύτατα

179 4038 230 4106 τῆς
248 4038 397 4106 {opacam
419 4057 531 4107 γνωμης
552 4041 608 4092 taio
628 4035 746 4108 ἀληθῶς
766 4038 941 4110 λεχθέντων,
964 4061 1053 4104 ουτως
1077 4044 1198 4111 εἴρηται.
1241 4050 1322 4111 Quae

180 4124 262 4173 quam
280 4108 375 4159 aliena
391 4108 447 4160 sint
463 4111 586 4175 adeoque
604 4114 745 4163 contraria
762 4114 811 4174 iis,
836 4130 905 4179 quae
923 4115 996 4180 apud
1008 4115 1176 4166 Herodotum
1194 4115 1322 4167 obtinere

178 4177 315 4235 videmus,
334 4180 394 4241 qui,
408 4178 447 4227 uti
460 4178 511 4228 hoc
525 4184 599 4241 utar,
615 4182 715 4231 Persae
728 4180 896 4233 Graecorum
909 4182 943 4232 ad
956 4198 1057 4233 morem
1070 4198 1220 4250 sensusque
1234 4186 1322 4234 verba

180 4245 318 4296 iacientes
340 4246 461 4307 induxit,
487 4262 539 4311 quo
561 4247 630 4299 haec
652 4249 744 4299 omnia
762 4249 876 4300 Graecia
892 4250 1050 4316 legentibus
1067 4252 1323 4304 accommodatiora

180 4317 274 4363 essent
285 4314 426 4394 magisque
439 4315 591 4383 placitura,
605 4332 684 4367 nemo
696 4333 750 4368 non
760 4317 892 4383 intelligit
903 4334 956 4370 nee
968 4334 1035 4384 opus
1049 4320 1103 4370 erit
1114 4319 1238 4385 pluribus
1250 4321 1322 4371 haec

179 4396 315 4447 persequi.
750 4434 757 4448 ,
770 4415 781 4438 ,ι
