2952 5156
487 360 692 422 URANIA.
717 363 806 422 VIII.
829 370 874 425 71.
894 371 939 426 72.

1224 370 1283 432 103

135 532 277 623 ψάμμου
303 533 445 627 πλήρεες
472 531 703 625 ἐσεφορὲοντο,
731 535 787 603 καὶ
805 537 938 605 ἐλίνυον
960 530 1085 605 οὐδένα
1107 534 1229 627 χρόνον
1251 543 1286 607 ot

135 633 369 723 βοηθήσαντες
394 633 617 725 ἐργαζόμενοι,
644 632 721 705 οὔτε
743 632 863 716 νυκτὸς
884 632 961 705 οὔτε
987 632 1119 726 ἡμέρης.
1174 644 1221 709 01
1245 639 1329 712 6172

134 735 357 825 βοεθήσαυτες
376 740 408 818 ἐς
425 733 484 807 τὸν
499 733 632 826 Ἰσθμὸν
643 739 809 826 πανδημεὶ
826 742 898 807 οἵδε
917 727 1002 825 ἦσαν
1015 733 1195 828 Ἑλλήνων·
1215 750 1282 810 Λα-

134 837 351 927 κεδαιμόνιοί
364 866 400 907 τε
418 840 474 908 καὶ
497 835 651 928 Ἀρκάδες
669 837 791 919 πάντες
808 841 865 908 καὶ
885 834 1007 909 Ἠλεῖοι
1026 843 1081 909 καὶ
1104 848 1282 930 Κορίνθιοι

135 942 192 1009 καὶ
203 937 390 1011 Σικυώνιοι
408 943 464 1009 καὶ
479 936 684 1031 Ἐπιδαύριοι
702 943 756 1009 καὶ
777 939 928 1010 Φλιάσιοι
947 944 1002 1010 καὶ
1026 940 1209 1031 Τροιζήνιοι
1227 946 1282 1012 καὶ

130 1036 329 1131 Ἑρμιονέες.
382 1031 474 1112 οὗτοι
499 1042 561 1131 μὲν
586 1030 672 1130 ἦσαν
697 1048 732 1111 ot‘
754 1041 983 1130 βοηθήσαντες
1009 1045 1065 1112 καὶ
1087 1038 1281 1135 ὑπεραρρω-

136 1142 274 1223 δέοντες
296 1146 335 1233 τῇ
354 1137 485 1213 Ἑλλάδι
507 1141 769 1234 κινδυνευούσῃ·
792 1160 878 1213 τοῖσι
904 1145 941 1214 db
965 1140 1093 1215 ἄλλοισι
1111 1145 1281 1216 Πελοπον-

133 1251 285 1333 νησίοισι
308 1251 402 1334 ἔμελε
425 1241 534 1315 οὐδέν.
587 1240 749 1334 Ὀλύμπια
774 1245 811 1314 δὲ
834 1248 889 1315 καὶ
913 1243 1062 1335 Κάρνεια
1079 1245 1282 1337 παροιχώκεε

133 1477 360 1543 loponnesiorum
388 1477 489 1527 Persas
521 1478 683 1529 invadentes
733 1494 763 1528 re
782 1479 860 1595 sqqni
879 1479 977 1541 malui,
997 1479 1132 1544 probante
1145 1480 1280 1531 Bredovio

133 1545 321 1595 metuentium
349 1547 434 1610 opera
461 1548 593 1595 exstructi
619 1545 682 1595 reli·

133 1614 220 1677 quiae
234 1628 298 1662 num
311 1612 400 1663 adhue
413 1614 564 1677 supersint,
584 1629 601 1663 a
615 1614 683 1664 viris

134 1681 228 1731 doctis
253 1680 405 1745 iisdemque
429 1681 683 1746 peregrinantibus

133 1754 232 1798 nostra
251 1754 344 1798 aetate
363 1748 444 1798 valde
461 1750 614 1813 quaesitum
628 1753 682 1812 est;

134 1817 173 1867 ci.
191 1815 306 1866 Leuke:
330 1815 447 1866 Trarels
468 1816 496 1865 in
515 1817 610 1867 Mores
630 1816 681 1866 lli.

132 1902 160 1950 p.
173 1883 227 1935 302
244 1899 304 1948 seq.
340 1885 450 1933 Etenim
468 1883 556 1934 adhuc
575 1885 682 1950 conspi-

134 1953 249 2003 ciuntur
272 1952 394 2015 vestigia
415 1968 548 2002 murorum
565 1957 683 2002 structu·

133 2037 183 2069 rae
198 2019 346 2069 admodum
358 2019 477 2069 solidae:
491 2035 560 2085 quae
572 2035 635 2069 num
649 2020 684 2070 ad

133 2089 210 2138 hunc
228 2102 332 2136 mnmm
349 2088 521 2151 pertineant,
539 2103 574 2136 an
590 2087 683 2153 adpo·

133 2156 263 2205 sterioris
276 2155 378 2205 aetatis
391 2171 406 2204 ο
427 2171 483 2217 era,
500 2172 532 2205 eo
542 2155 685 2205 difficilius

132 2224 289 2283 discernas,
305 2222 377 2287 quod
389 2172 464 2272 idum
477 2238 580 2272 murum
592 2228 684 2288 poste·

133 2293 173 2341 ris
190 2291 363 2356 temporibus
381 2290 528 2355 aliquoties
548 2290 683 2340 reiectum

132 2366 354 2423 renovatumque
371 2373 431 2408 esse
450 2358 565 2423 legimns
583 2359 619 2407 ad
636 2358 683 2409 ho·

132 2434 192 2477 stes
210 2426 380 2476 accedentes
398 2441 415 2475 a
433 2426 623 2491 Peloponneso
641 2442 683 2475 ar-

133 2495 253 2554 oend0s3
284 2493 341 2544 vid.
365 2494 534 2559 potissimum
559 2494 682 2543 Curtius:

133 2563 322 2627 Peloponnes.
335 2562 356 2610 1.
374 2578 438 2627 pag.
455 2561 485 2611 15
497 2577 554 2626 seq.
572 2562 606 2611 ll.
619 2577 683 2627 pag.

132 2631 193 2682 551.
208 2628 275 2691 596,
295 2628 394 2679 Benld:
414 2629 520 2679 Etudes
537 2645 583 2679 sur
594 2630 620 2679 lo
633 2631 683 2679 Pe·

133 2699 280 2764 loponnes.
293 2697 316 2746 I.
330 2712 394 2761 pag.
406 2698 465 2747 415.
495 2696 540 2747 Sic
552 2698 682 2748 Iustinia-

133 2783 186 2817 nns
208 2767 361 2831 imperator
382 2780 458 2814 muro
476 2764 511 2813 ab
527 2781 581 2815 nno
600 2765 683 2815 maris

132 2834 217 2884 litore
235 2832 401 2883 adulterum
420 2832 501 2881 ducto
514 2833 683 2897 Peloponue-

132 2919 194 2952 snm
213 2899 404 2950 interclusisse
421 2900 535 2961 dicitur,
557 2900 683 2965 idemque

132 2970 259 3034 suscepit
277 2983 349 3018 auno
368 2985 395 3033 p.
414 2966 477 3017 Chr.
496 2983 521 3016 n.
543 2968 608 3017 1415
625 2969 682 3017 lla·

132 3037 198 3087 noel
214 3038 373 3101 imperator,
388 3035 489 3084 additis
502 3034 551 3086 153
564 3037 684 3085 turribus

132 3107 169 3157 sd
193 3119 302 3154 murum
323 3103 369 3153 vel
391 3104 480 3167 magis
497 3103 684 3165 muniendum

133 3182 164 3223 tu
186 3172 245 3222 rid.
269 3186 340 3236 quae
363 3171 488 3236 exposuit
504 3171 625 3221 Ellissen
649 3172 684 3220 ad

133 3240 299 3291 Plethonem
313 3241 355 3289 in:
373 3238 530 3289 Analekten
543 3239 568 3289 d.
582 3239 684 3289 mittel-

135 3326 160 3359 ιι.
180 3307 342 3374 neugriech.
357 3307 505 3356 Literatur.
518 3307 568 3369 lv,
581 3307 606 3355 2.
619 3322 683 3371 pag.

137 3376 194 3427 136.
211 3402 239 3410 -
255 3373 380 3424 Similem
394 3374 558 3425 Chersonesi
570 3363 684 3424 α’ποτει·

134 3435 240 3510 χισμὸν
252 3443 409 3492 Herodotus
427 3446 621 3492 commemorat
635 3443 683 3503 Vl,

133 3511 180 3573 36,
194 3512 243 3562 ubi
256 3511 310 3560 rid.
324 3515 394 3563 nott.

314 3712 381 3763 Car.
400 3712 514 3763 LXXII.

170 3843 212 3901 Οἱ
234 3843 268 3900 dl
291 3840 488 3913 βωθὴοαντες]
510 3848 554 3898 lta
571 3848 681 3898 Wesse·

133 3920 202 3984 ling.
216 3933 252 3968 ex
263 3916 394 3967 Eustath.
405 3917 440 3966 ad
452 3915 531 3965 lliad.
542 3933 568 3982 p.
578 3915 638 3978 228,
653 3915 685 3965 16

134 4004 157 4037 s.
174 3986 240 4046 218,
263 3984 306 4034 21.
347 3984 426 4033 Libri
448 3984 545 4049 scripti
567 3990 595 4033 et
617 3984 684 4033 editi

134 4060 201 4105 ante
231 4052 448 4117 Wesselingium
476 4042 681 4117 βοηθήσαντες,

135 4121 209 4188 qnod
231 4122 308 4170 utin
326 4120 381 4170 line
400 4135 461 4185 cap.
481 4120 681 4179 antecedentis,

134 4192 177 4240 ita
206 4191 235 4239 in
263 4188 388 4254 proxime
417 4187 595 4252 sequentibus
622 4188 683 4252 pari

135 4256 216 4308 modo
235 4271 330 4306 omnes
349 4254 414 4305 libri
426 4255 523 4321 scripti
535 4255 683 4320 praebent:

120 4336 204 4393 ‚quos
222 4324 352 4390 equidem
369 4339 430 4375 cnm
443 4322 571 4373 Beklrero
589 4324 617 4372 in
630 4322 682 4371 hae

734 1563 760 1611 p.
781 1546 792 1594 l
834 1584 840 1604 ‚
865 1562 917 1611 quo
938 1547 993 1596 ianr
1016 1562 1099 1612 supra
1117 1548 1151 1596 ad
1167 1548 1246 1609 Vlll,
1268 1548 1279 1598 1

734 1628 798 1663 usus
809 1629 880 1676 snm,
895 1615 919 1663 si
929 1615 1038 1678 quidem
1049 1615 1204 1665 Herodotus
1213 1631 1280 1681 pau-

735 1682 775 1731 cis
799 1681 869 1731 loeis
893 1683 1016 1748 exeeptis
1044 1688 1204 1732 constanter
1222 1683 1280 1734 vul·

734 1764 830 1812 garam
848 1749 962 1799 formam
983 1751 1143 1801 adhibuisse
1164 1750 1280 1800 videtur.

734 1816 892 1893 Dindprtins
917 1817 1005 1867 tribus
1029 1817 1072 1868 his
1100 1816 1170 1867 locis
1195 1818 1282 1866 edidit

735 1882 1282 2018 11511511511111111113

735 2019 809 2083 loeo,
826 2022 870 2084 qui
903 2020 965 2071 aulo
978 2021 1095 2071 inferius
1107 2021 1223 2085 legitur,
1238 2037 1280 2070 re-

735 2087 862 2153 linquens
875 2037 1084 2154 dhpdp'ourtsc.
1099 2114 1133 2125 -
1150 2088 1191 2138 Ad
1210 2089 1280 2138 dati-

735 2171 798 2274 ἔρειο
815 2148 977 2275 rpss‘Ettddt
996 2156 1099 2206 consul.
1119 2156 1218 2206 Matth.
1232 2156 1278 2207 (ir.

761 2239 782 2273 r.
795 2225 819 2285 §-
868 2226 891 2274 t.

769 2325 842 2375 τοῖσι
856 2318 889 2374 dt
900 2317 1010 2376 ditator
1021 2323 1280 2390 Πελοποννησίοισι

736 2385 817 2457 ἔμελε
835 2382 933 2457 οὐδέν]
961 2394 1059 2443 Merito
1081 2393 1152 2443 haec
1175 2393 1281 2442 attendi

735 2459 795 2509 vult
818 2460 984 2510 Dahlrnann.
1010 2460 1038 2508 in
1061 2461 1192 2510 Herodot.
1214 2476 1278 2525 pag.

737 2525 799 2590 184,
812 2533 843 2577 ut
856 2544 871 2577 e
884 2527 982 2592 quibus
996 2528 1104 2591 insigne
1115 2528 1200 2577 nostri
1214 2528 1279 2576 seri-

735 2596 823 2660 ptoris
839 2595 956 2644 studium
974 2595 1096 2656 eluceat,
1117 2611 1170 2660 qno
1182 2595 1280 2643 duetus

735 2679 817 2712 unum
829 2678 932 2725 verum,
947 2663 1017 2727 quod
1029 2663 1058 2712 iu
1071 2662 1186 2727 singulis
1199 2661 1280 2710 rebus

735 2731 893 2795 indagando
907 2736 1091 2795 compererat,
1111 2729 1220 2779 tradere
1233 2744 1279 2778 vo·

735 2797 799 2859 luit,
826 2799 862 2848 ab
886 2798 958 2848 omni
982 2800 1101 2863 partium
1125 2797 1215 2847 studio
1239 2798 1280 2845 ita

736 2866 856 2927 alienus,
870 2871 913 2927 nt,
928 2881 999 2930 quae
1013 2865 1106 2915 forsan
1119 2866 1209 2915 minus
1221 2863 1280 2913 lan-

735 2933 841 2983 dabilia
854 2934 978 2998 adeoque
991 2935 1103 2997 ingrata
1112 2934 1156 2982 his
1168 2932 1225 2982 illis
1238 2932 1279 2981 fn-

734 3003 836 3063 issent‚
853 3017 908 3052 non
922 3001 1026 3051 celaret
1043 3001 1188 3051 silentiove
1201 3016 1279 3065 prae·

736 3069 907 3118 termitteret.
921 3071 1018 3135 ltaque
1030 3070 1114 3119 etium
1123 3069 1150 3119 h.
1158 3067 1177 3120 l.
1185 3074 1279 3133 aperte

735 3137 854 3199 indicat,
882 3136 991 3202 quinam
1013 3138 1087 3186 inter
1107 3136 1279 3201 Peloponne-

735 3205 791 3254 sios
805 3204 941 3255 Graeciae
959 3204 1117 3254 libertatem
1134 3204 1205 3253 tueri
1223 3208 1279 3253 stu-

736 3272 857 3332 duerint,
888 3273 987 3337 quiquo
1016 3272 1199 3336 neglexerint.
1247 3272 1280 3319 ln

736 3339 833 3404 quibus
854 3338 933 3390 Eleos
956 3345 1052 3389 contra
1075 3341 1192 3388 Xerxem
1214 3337 1279 3387 roli-

736 3422 848 3471 quornm
866 3406 1034 3456 Graecorum
1057 3413 1150 3456 castra
1170 3412 1280 3455 secutos

737 3490 798 3524 esse
820 3474 918 3524 scribit
933 3475 1089 3524 Pausanias
1105 3474 1143 3535 V,
1166 3474 1191 3523 4.
1214 3474 1236 3533 §.
1255 3473 1278 3531 5,

735 3548 822 3606 negat
833 3542 945 3592 Diodor.
964 3543 995 3592 T.
1008 3543 1044 3593 ll.
1058 3559 1123 3608 pag.
1137 3541 1187 3590 541
1201 3542 1279 3590 Wes-

734 3610 785 3661 sel.

768 3702 906 3777 Ὀλύμπια
925 3704 957 3761 δὲ
975 3707 1025 3761 καὶ
1037 3706 1167 3776 Κάρνεια
1178 3725 1279 3772 παροι·

735 3772 822 3846 pones
835 3771 902 3846 ἤδη]
921 3779 976 3829 Ubi
989 3772 1053 3841 ἱεροὶ
1067 3778 1187 3843 intelligi
1200 3783 1280 3827 notat

734 3848 849 3898 Fischer
867 3849 901 3898 ad
914 3846 1027 3897 Wsller.
1040 3847 1095 3908 ΙΙΙ,
1110 3845 1130 3894 l.
1145 3862 1209 3911 pag.
1220 3844 1279 3895 ⁶258.

735 3916 776 3966 Ad
789 3915 903 3966 formam
916 3915 995 3965 verbi
1007 3906 1182 3978 παροιχώκεε
1195 3913 1279 3978 perti-

734 3988 813 4041 nent.
828 3999 897 4048 quse
912 3983 945 4032 ad
959 3983 1006 4043 IV,
1022 3981 1070 4031 128
1083 3982 1279 4041 excitavimus3

736 4051 796 4101 add.
810 4052 874 4113 vl1,
893 4050 949 4100 164.
967 4051 1044 4112 VIII,
1063 4047 1118 4098 126.
1155 4050 1277 4099 1151111·-

734 4122 788 4168 oeis
801 4120 907 4183 egimus
925 4118 959 4168 ad
972 4118 1037 4179 V11,
1051 4115 1111 4167 216.
1147 4116 1278 4178 Quiesce·

735 4187 804 4236 baut
821 4191 911 4236 autem
929 4202 1018 4245 arma,
1042 4186 1113 4234 haeo
1135 4184 1197 4233 dum
1215 4196 1280 4247 age·

735 4254 835 4304 bantur
847 4254 934 4315 tosta,
949 4269 1000 4302 nec
1015 4258 1080 4303 ante
1094 4251 1187 4317 egredi
1200 4249 1280 4300 licuit

734 4322 878 4388 Spartanis
892 4321 926 4371 ad
939 4320 1050 4371 bellum.
