2866 5134
344 433 403 491 DE
425 432 529 491 VITA
551 432 609 491 ET
631 432 823 492 SCRIPTIS
846 432 1082 492 HERODOTI.
1220 438 1282 500 469

141 624 213 675 των,
233 597 263 658 έν
284 600 326 666 οἷς
343 597 432 674 ἡδονὴ
447 604 632 666 παντοδαπῶς
649 605 829 673 παραγίνεται
846 605 883 677 τῷ
902 598 975 678 λόγῳ
995 597 1028 659 ού
1050 599 1137 674 μόνον
1155 599 1210 661 ύπό
1232 609 1282 676 τῆς

141 688 222 759 ξένης
236 691 292 744 τῶν
302 684 481 759 διηγημάτων
494 684 594 760 ἀκοῆς,
617 682 686 743 ἄλλα
702 687 749 743 καί
765 683 821 744 απὸ
838 691 886 760 τῆς
906 693 988 752 ποίας
1001 689 1157 754 συνθέσεως
1171 713 1197 746 κ.
1213 712 1237 746 τ.
1256 697 1280 746 λ.
1344 744 1346 749 ,

143 775 234 845 Atque
249 776 351 828 dudum
365 782 447 827 autea
461 775 513 826 Dio
529 774 677 842 Chrysost.
693 774 769 830 Orat.
786 775 887 827 xvlu.
905 794 933 844 p.
949 779 1002 830 479
1017 774 1112 830 Reisk.
1127 772 1159 831 τὸ
1176 771 1282 847 ἀνειμέ-

141 879 193 914 νον
207 858 257 914 καλ
276 855 307 914 τὸ
323 854 433 930 γλυκύ
450 861 499 928 τῆς
514 851 683 928 ἀπαγγελίας
700 859 729 912 in
744 860 901 913 Herodoteo
924 879 1006 930 opere
1021 860 1196 929 laudaverat,
1218 863 1279 915 coli.

141 945 262 998 Demetr.
279 945 321 999 De
337 946 437 1001 elocut.
455 950 481 1010 ς.
500 947 542 998 12.
578 946 619 997 Ac
639 951 724 998 totum
747 945 800 997 huc
816 946 1010 1015 quodammodo
1031 948 1152 1016 pertinet
1166 949 1280 1000 Hermo-

141 1030 223 1098 genis
235 1030 365 1083 iudicium
376 1029 410 1083 de
420 1030 562 1083 Herodoto
574 1030 612 1082 ib.
625 1030 662 1101 ΙΙ,
676 1034 717 1083 12.
730 1034 756 1095 5.
769 1034 795 1100 4.
809 1032 848 1099 (p.
860 1033 911 1085 395
923 1030 1010 1082 Walz.
1023 1050 1050 1099 p.
1062 1036 1110 1085 421
1125 1032 1280 1102 Spengel),

142 1115 217 1168 unda
232 1116 340 1185 potiora
354 1115 382 1167 in
398 1116 472 1168 notis
488 1131 657 1184 apponamus
667 1112 706 1182 i).
744 1114 857 1167 Accedit
871 1116 913 1167 hia
928 1121 1007 1183 grata
1022 1115 1069 1168 illa
1087 1118 1218 1169 orationis
1233 1138 1280 1171 oa-

139 1202 220 1254 riuta'o
234 1200 262 1253 iu
278 1199 372 1253 verbis
389 1199 508 1267 singulis
523 1216 610 1269 aeque
626 1217 658 1251 ac
672 1206 729 1251 tota
745 1200 878 1252 orationis
899 1202 1115 1254 conformatione
1129 1202 1199 1254 bene
1215 1220 1279 1255 con-

140 1286 247 1355 spicua.
281 1285 318 1337 Et
335 1302 395 1337 cum
409 1285 569 1337 Herodotus
583 1285 611 1336 in
628 1284 752 1337 oratione
767 1301 817 1337 sua
833 1284 935 1338 iustum
950 1286 1050 1356 ubique
1066 1292 1161 1340 teneat
1175 1288 1280 1340 modum

141 1388 195 1423 nec
217 1369 273 1423 ullo
295 1370 373 1422 modo
395 1368 543 1423 molestiam
558 1377 745 1437 creet‚¹extra
769 1370 838 1422 lines
858 1371 1015 1439 evagando,
1041 1389 1156 1441 cumque
1171 1372 1281 1441 singula

141 1456 243 1521 verba,
258 1455 326 1526 quin
343 1456 429 1508 omnis
445 1454 532 1506 oratio
548 1454 647 1523 optime
665 1454 769 1507 delecta
784 1455 879 1523 reique
894 1456 1006 1508 maxime
1020 1456 1189 1509 conveniens
1202 1456 1280 1510 inve-

141 1540 250 1605 niatur,
273 1539 448 1610 praedicatur
463 1539 491 1591 in
503 1539 644 1591 Herodoto
658 1536 725 1608 μέση
741 1534 882 1607 λέξις**),
907 1557 978 1611 quae
992 1541 1164 1594 mediocriter
1179 1548 1280 1611 tempe-

140 1630 202 1678 rata
216 1625 323 1678 delectu
339 1631 447 1677 constat
463 1640 570 1689 eorum,
587 1640 658 1693 quae
671 1624 699 1676 in
715 1623 828 1696 reliquis
843 1623 951 1677 dicendi
967 1626 1116 1694 generibus
1135 1625 1281 1679 videantur

138 1710 393 1781 praestantissima,
409 1709 525 1778 eiusque
539 1726 628 1761 sermo
643 1709 758 1762 medium
775 1709 910 1779 quoddam
924 1718 1019 1763 tenere
1034 1711 1135 1763 dicitur
1149 1710 1223 1764 inter
1239 1713 1279 1763 ni—

138 1795 217 1848 miam
238 1795 426 1847 austeritatem
444 1802 527 1863 atque
543 1794 648 1846 nimiam
665 1800 846 1849 venustatem.
891 1795 986 1858 Quare
1007 1797 1034 1847 in
1052 1795 1185 1864 ucphrasi
1200 1796 1279 1847 Chri-

137 1879 248 1933 stodori
271 1879 397 1949 Coptitae
418 1898 459 1931 va.
482 1881 532 1932 377
551 1897 628 1951 seqq.
652 1878 807 1931 celebratur
832 1872 1027 1950 ‘Alaaupvqoori
1054 1877 1154 1941 θέσπις
1174 1874 1279 1952 ἀοιδὸς,

137 1964 190 2035 qui
205 1964 356 2033 priscorum
371 1964 505 2031 virorum,
521 1964 568 2033 qui
583 1964 611 2016 ia
627 1963 693 2015 Asia
709 1980 796 2034 aeque
812 1970 896 2036 atque
906 1966 1020 2035 Europa
1035 1966 1204 2031 floruerunt,
1221 1966 1279 2033 glo-

137 2048 207 2103 riam
225 2066 320 2102 novem
335 2048 412 2101 libris
430 2049 564 2101 conditam
581 2048 671 2101 Musis
686 2049 824 2101 dedicarit
839 2057 922 2119 atque
938 2050 1048 2103 lonicae
1063 2049 1170 2102 dialecti
1186 2050 1279 2102 suavi-

138 2143 224 2187 tatem
244 2150 304 2186 cum
324 2133 454 2187 facundia
469 2133 611 2187 coniunxit
620 2127 700 2201 ***);
723 2134 793 2186 idem
809 2134 894 2187 altero
916 2134 1072 2201 carmine†)
1088 2134 1186 2187 Musas
1202 2154 1280 2187 rece-

135 2220 218 2291 pisse
233 2219 350 2289 dicitur‚
371 2236 441 2289 quae
457 2217 583 2286 singulae
602 2218 722 2286 singulis
742 2218 820 2271 libris
841 2218 895 2290 ipsi
912 2227 1100 2273 remuneratae
1116 2226 1189 2274 sunt.
1226 2220 1279 2272 His

137 2314 232 2357 autom
244 2303 411 2372 virtutibus,
433 2320 504 2374 quac
524 2310 588 2373 apta
604 2310 632 2356 ct
646 2304 799 2372 argumenti
815 2310 843 2357 et
858 2305 991 2358 orationis
1009 2305 1157 2372 electione,
1180 2305 1278 2357 uerbo-

136 2406 199 2443 rum
214 2393 293 2458 grata
307 2388 503 2458 compositione
520 2395 549 2440 et
562 2388 712 2457 varietate,
733 2389 808 2441 unde
825 2390 962 2443 maximam
978 2389 1111 2442 orationis
1128 2390 1216 2458 ipsius
1234 2409 1278 2441 vc-

137 2480 279 2528 naatatcm
294 2480 321 2526 et
336 2473 499 2526 suavitatem
515 2473 583 2525 oriri
598 2479 719 2541 constat,
736 2474 927 2542 continentur,
943 2475 1111 2528 Herodotum
1122 2474 1279 2542 Thucydidi

138 2563 283 2629 praestare
298 2558 457 2613 iudicarunt
467 2564 576 2611 veteres
583 2558 643 2627 Η),
661 2558 705 2610 cui
720 2558 798 2612 etiam
815 2558 843 2610 in
861 2577 893 2612 eo
909 2560 1087 2629 praestiterit,
1106 2560 1189 2629 quod,
1207 2560 1279 2612 unde

205 2739 235 2805 *l
251 2731 300 2818 'liu
321 2739 422 2791 τοίνυν
446 2730 601 2821 τοῖς,καθ’
622 2734 751 2817 ἱσγορίαν
776 2743 984 2806 πανηγυρικοῖς
1009 2735 1279 2819 πανηγυρικύτατύς

141 2802 246 2860 ἕστινὸ
265 2804 425 2872 Ηρόδοτος,
444 2802 476 2859 τὸ
493 2806 511 2858 δ
536 2805 632 2859 αίτιον
648 2823 691 2858 οτι
708 2800 779 2874 μετὰ
792 2808 844 2859 τού
855 2807 992 2873 καθαροῦ
1003 2806 1053 2859 καλ
1066 2806 1216 2872 susurronis
1228 2824 1278 2859 πο-

136 2872 189 2935 λύς
208 2869 266 2927 έστι
282 2879 346 2934 ταῖς
361 2869 496 2943 ἡδοναῖς·
521 2872 571 2926 καὶ
588 2868 643 2941 γὰρ
657 2878 721 2934 ταῖς
737 2869 863 2936 ἐννοίαις
879 2876 1021 2944 μυθικοῖς
1038 2870 1141 2943 σχεδὸν
1152 2869 1279 2935 ἁπάσαις

136 2945 189 2997 καί
205 2944 247 3011 τῇ
264 2938 356 3023 λέξει
374 2943 542 3024 γιοιητικῇ
558 2945 727 3026 κέγργται
745 2938 852 3026 διόλου.
882 2940 1006 3024 μέγεθος
1019 2938 1052 2996 δέ
1065 2943 1210 3024 πρλλαγού
1225 2938 1278 3010 μέν

137 3008 199 3093 {pat
212 3009 262 3063 aul
275 3028 371 3090 τοματ
397 3007 526 3091 έννοιαγ,
540 3028 614 3063 κατα
626 3027 724 3091 μςντοι
738 3004 902 3093 έπιμιλεμαν
914 3010 965 3063 καί
976 3029 1008 3064 το
1021 3014 1094 3064 πολν
1107 3029 1158 3093 μου
1170 3027 1278 3077 κοσμου

133 3096 403 3163 τοισνναμφοτερογ
414 3076 464 3160 καὶ
476 3097 528 3160 app
545 3073 683 3159 ridquv
701 3075 757 3162 {xer
770 3077 819 3131 καλ
831 3097 865 3165 το
874 3075 1011 3161 μέγεθος·
1034 3074 1064 3131 οἷ
1079 3097 1134 3146 γαρ
1152 3081 1279 3165 πλεῖστοι

135 3165 196 3268 ‘tt
207 3142 873 3275 ltltttttt‘ttt'tttttfft.⁶.lti'¹.”dtltz
885 3147 1051 3268 {5⁶.ll⁶⁸‘⁶
1069 3147 1235 3200 mmm
1248 3162 1278 3199 ‘⁶

136 3234 151 3269 ε
206 3282 250 3350 1βί)
270 3285 349 3335 Comi.
368 3254 485 3349 Dionys:
505 3284 598 3335 Halic.
621 3286 663 3335 De
690 3285 766 3335 verb.
789 3234 1029 3350 compcapxle.
1052 3302 1078 3350 p.
1096 3284 1147 3335 372
1165 3284 1277 3334 Schaef.

136 3352 204 3405 coll.
218 3353 291 3403 XIX.
324 3390 330 3403 .
344 3351 393 3403 267
406 3368 462 3417 seq.
488 3351 599 3403 Schael.
612 3353 654 3402 De
668 3352 820 3402 admiranti.
837 3354 867 3402 vi
881 3353 988 3403 dicend.
1004 3355 1030 3402 iu
1043 3352 1185 3403 Demosth.
1198 3354 1222 3413 5.
1235 3350 1277 3401 41.

135 3423 171 3472 Τ.
185 3422 232 3472 VI.
266 3457 273 3470 .
288 3421 300 3470 l
336 3421 353 3468 2
365 3436 423 3485 aeq.
436 3419 535 3501 Ιλοίολι.ο
546 3416 622 3501 (coll.
637 3422 660 3482 5.
673 3419 706 3470 35
718 3436 775 3485 seq.
788 3437 814 3485 p.
830 3418 920 3537 mdis),
939 3421 987 3499 aqi
999 3421 1133 3501 Herodoti
1146 3420 1227 3470 affert
1237 3419 1278 3469 lo-

136 3505 203 3540 cum
269 3488 352 3550 ,3.5.
369 3487 390 3537 1.
408 3487 564 3539 Marcellrn.
579 3489 633 3537 Vrt.
647 3488 808 3552 Thucyd5.
822 3488 868 3537 40:
901 3488 951 3538 σθι
965 3503 1007 3538 οτι
1019 3503 1094 3554 μέσῳ
1107 3481 1160 3553 μέν
1176 3484 1277 3569 (γαραζ

135 3548 398 3645 ιεήριγῌρόδοτος
411 3547 560 3622 ἐχρήσατο,
575 3543 606 3614 ὃς
618 3545 684 3606 σύτο
695 3547 807 3622 ὑψηλός
820 3548 896 3606 ἐστιν
908 3547 974 3606 ούτι
987 3550 1097 3622 ἰσχνὸς,
1117 3550 1203 3622 ίσγνῳ
1217 3554 1249 3605 δε
1262 3571 1277 3604 ο

135 3639 389 3759 ‚eroqqqointegm
400 3694 499 3758 po'etae
512 3693 598 3744 verba
610 3708 749 3758 apponere
762 3691 839 3742 iuvat
852 3689 1277 3758 (Brunekiiunal.u.11.p.470.

133 3762 241 3814 Iacobs
252 3760 401 3825 Antholog.
415 3760 513 3811 Graec.
527 3760 560 3810 T.
572 3761 622 3810 ΙΙΙ.
636 3778 662 3826 p.
678 3760 749 3824 175):

326 3851 393 3912 ούδ’
402 3852 603 3926 Ἀλικαρνησού
613 3875 648 3926 με
661 3855 827 3924 παρέδραμε
840 3855 944 3918 θέσπις
956 3853 1069 3920 dolote,

322 3921 476 3991 ‘Hadriacos
488 3923 651 3993 πολύϊδρις,
665 3916 696 3987 ὃς
709 3918 837 3994 ύγυγίων
849 3922 918 3979 κλέα
931 3927 1045 3994 φωτῶν,

327 3988 395 4048 ὅσσα
407 4012 460 4061 περ
472 3987 599 4062 ἠπείρων
611 3989 684 4055 δυὰς
696 3986 816 4073 ἤγαγεν,
831 3984 901 4047 ὅσσα
913 4013 966 4060 περ
979 3991 1052 4047 αἰών

327 4060 449 4128 ἔδρακεν
462 4055 599 4129 ἑρπύζων,
615 4057 729 4122 ένοὶταις
741 4060 908 4130 ανεθήκατο
921 4058 1068 4128 Μούσαις,

326 4132 411 4200 μίξας
424 4127 572 4199 εύεκίῃσιν
587 4126 711 4191 Ἰωνίδος
723 4122 820 4183 ἄνθεα
833 4132 939 4199 φωνῆς.

207 4232 240 4299 †)
259 4236 336 4284 later
352 4236 553 4301 epigrammata
571 4233 704 4300 adeapota
722 4250 762 4283 nr.
781 4232 831 4284 532
853 4231 1000 4299 (Brunckii
1017 4234 1156 4285 Analectt.
1174 4232 1276 4283 T.‘lll.

135 4322 165 4371 p.
180 4302 239 4356 203.
276 4303 376 4353 Iacobo
388 4303 533 4368 Antholog.
548 4302 645 4353 Graec.
658 4301 718 4354 Vol.
730 4302 776 4351 lV.
791 4319 816 4367 p.
829 4300 901 4365 230).

207 4368 261 4435 ††)
279 4371 341 4421 Vid.
354 4370 468 4436 Dionys.
482 4370 574 4420 Halic.
588 4370 676 4436 Epist.
692 4370 725 4420 ad
738 4371 862 4436 Pompei.
875 4373 898 4431 5.
911 4370 934 4419 3.
950 4386 1012 4434 pag.
1028 4369 1084 4419 128.
1100 4368 1156 4419 129.
1171 4364 1216 4433 (T.
1229 4370 1275 4420 vI.

135 4457 166 4506 p.
184 4436 340 4505 uuaeqq.)
361 4439 405 4489 Do
420 4442 490 4490 vett.
509 4439 615 4505 acriptt.
634 4454 709 4489 cens.
727 4438 761 4489 V.
778 4455 805 4503 p.
823 4437 873 4488 424
889 4454 946 4501 seq.
967 4437 1054 4487 ludio.
1072 4438 1106 4487 da
1123 4436 1276 4501 Thucydid.
