2866 5134
218 432 277 491 452
628 426 945 487 COMMENTATIO

216 616 364 670 eorumque
380 617 464 668 opes,
482 599 525 651 vel
539 599 564 650 si
579 598 707 651 maximae
723 598 885 665 videantur,
906 599 1064 668 confringat
1087 606 1167 671 etque
1187 598 1338 650 contundat:
1423 566 1425 665 ἶ

215 686 315 738 etenim
328 677 408 756 ὕβρις
423 683 570 736 Persarum
584 684 657 751 init,
673 700 744 753 quae
764 683 877 735 deorum
893 685 959 736 iram
980 684 1007 735 in
1029 684 1129 736 Persas
1146 683 1268 736 excitarit
1280 681 1338 733 Per·
1423 732 1425 757 ρ

215 786 317 839 eaeque
332 770 397 821 inde
418 779 450 821 ut
462 778 721 839 prosternerentur,
738 768 877 836 effecit*).
911 769 988 821 Bene
1003 769 1145 839 perspexit
1159 769 1254 821 Jacobs
1267 765 1339 836 (Ver-
1423 824 1425 843 1

214 856 327 907 mischte
342 854 454 908 Schrift.
479 852 510 919 V,
534 873 560 923 p.
586 856 652 921 586)
680 860 708 904 et
733 853 781 922 qui
807 853 841 903 ab
866 871 899 906 eo
926 853 1055 905 laudatur
1078 853 1237 906 Surernius.
1277 850 1339 902 Add.

213 941 358 992 Blrimner:
384 940 477 990 Ueber
502 938 528 989 d.
551 938 615 991 Idee
638 938 687 990 des
710 937 866 990 schicksats
890 939 918 990 in
942 938 994 990 deu
1018 938 1156 1006 Tragoed.
1179 938 1205 992 d.
1226 935 1339 1002 Aeschyl.
1423 920 1425 953 ³

213 1043 241 1094 p.
257 1028 290 1079 83
308 1044 368 1094 seq.
401 1024 484 1076 Hunc
510 1031 600 1075 autem
626 1024 706 1075 finem
736 1022 847 1091 utrique
871 1023 1041 1092 propositum
1066 1025 1172 1094 poetam
1196 1021 1247 1074 alio
1268 1029 1340 1089 atque
1424 1010 1425 1015 ¹

213 1127 305 1163 rerum
326 1110 487 1178 scriptorem
508 1108 586 1161 modo
606 1108 719 1177 assequi
743 1107 902 1173 studuisse,
929 1108 1030 1160 nemini
1048 1109 1143 1161 mirum
1168 1125 1229 1159 esse
1241 1104 1339 1174 poterit,

213 1196 332 1265 indeque
359 1194 439 1246 etiam
463 1194 492 1246 iu
521 1192 638 1262 singulis
662 1193 745 1244 rebus
767 1192 930 1244 enarrandis
954 1192 1068 1246 alterum
1088 1194 1122 1244 ab
1142 1191 1225 1244 altero
1240 1189 1341 1241 hicillic

213 1281 325 1332 differre
347 1286 560 1331 consentaneum
582 1279 679 1347 utique
701 1279 768 1329 erit:
794 1293 880 1346 quare
903 1277 939 1328 iis
954 1277 1035 1345 locis,
1058 1278 1159 1348 quibus
1178 1284 1286 1346 uterque
1300 1279 1342 1325 aut

213 1365 362 1417 convenire
380 1372 429 1414 aut
449 1363 519 1416 alter
535 1365 570 1416 ab
585 1361 672 1415 altero
695 1362 808 1415 differre
824 1363 982 1431 videretur,
1004 1362 1100 1415 sedulo
1116 1363 1145 1414 id
1165 1359 1340 1420 indicarimus,

212 1452 366 1518 iterumque
384 1448 434 1499 hoc
447 1448 515 1500 'loco
537 1447 665 1514 Aeschyli
685 1464 799 1514 versus,
820 1447 868 1517 qui
889 1447 1010 1516 primarii
1029 1454 1097 1500 sunt
1113 1446 1201 1499 hocin
1219 1464 1260 1510 re,
1280 1460 1341 1494 com·

212 1536 303 1605 parari
325 1533 451 1586 volumus
471 1536 503 1587 91
523 1552 602 1603 seqq.
624 1536 684 1585 470.
701 1535 753 1585 720
769 1550 828 1602 seq.
850 1536 902 1584 742
919 1550 979 1603 seq.
995 1535 1056 1586 791.
1072 1534 1125 1585 805
1146 1548 1205 1583 cum
1220 1526 1342 1582 Herodoti

213 1620 279 1671 locis
296 1619 357 1681 Vll,
381 1622 451 1684 tas.
467 1621 493 1669 5.
509 1621 535 1672 a.
552 1618 614 1683 Vll,
630 1620 665 1671 aa
687 1624 716 1669 et
733 1617 903 1685 potissimum
920 1616 998 1685 Vlll,
1019 1620 1078 1684 109,
1102 1616 1150 1669 ubi
1162 1632 1231 1686 quse
1244 1612 1342 1666 Themi·

213 1705 314 1756 stocles
338 1703 492 1773 eloquitur,
514 1721 573 1756 cum
587 1702 638 1769 iis,
654 1718 724 1773 quae
740 1701 892 1768 Aeschylus
907 1702 1013 1770 sensit,
1034 1702 1156 1771 apprime
1174 1699 1342 1753 conveniant:

213 1806 303 1859 neque
332 1796 421 1841 tamen
449 1789 499 1840 hoc
526 1787 747 1855 intelligendum,
771 1794 803 1838 ut
823 1786 937 1838 alterurn
955 1788 989 1840 ab
1011 1787 1098 1838 altero
1116 1802 1272 1854 expressum
1289 1799 1342 1836 esse

214 1874 414 1938 existimemus,
436 1881 485 1925 aut
501 1873 671 1926 Herodotum
696 1870 858 1942 compilasse
879 1878 1007 1940 putemus
1023 1871 1154 1939 Aeschyli
1170 1870 1282 1936 sennia,
1301 1865 1341 1939 qai

210 1961 291 2030 poeta
309 1964 371 2011 nniu
386 1957 536 2025 Phrynichi
551 1958 672 2028 exemplo
693 1957 825 2009 incitatus
841 1965 891 2008 aut
907 1973 967 2010 eum
986 1956 1139 2009 aemulatus
1161 1957 1196 2008 ad
1212 1955 1341 2007 Persarum

210 2044 328 2097 fabulam
349 2039 574 2096 conscribendam
595 2042 759 2108 accesserit,
780 2040 808 2092 id
830 2058 890 2093 cum
911 2042 943 2093 ad
967 2051 1087 2095 nostram
1110 2059 1167 2094 rem
1185 2041 1271 2093 minus
1289 2053 1339 2107 per·

210 2131 306 2197 tinent,
327 2147 401 2182 nunc
416 2127 674 2198 praetermittamus,
687 2126 849 2195 praesertim
864 2143 924 2179 cum
940 2127 1067 2196 pluribus
1082 2127 1154 2179 hanc
1170 2124 1339 2196 quaestionem

209 2216 261 2266 iam
279 2215 380 2266 dudum
397 2222 539 2266 tractatam
562 2232 625 2266 esse
640 2212 783 2265 rideamus
800 2229 815 2266 a
834 2212 881 2263 Fr.
900 2211 1018 2269 Passov.
1033 2212 1060 2264 in
1078 2211 1187 2265 Melett.
1203 2209 1299 2262 critico.
1315 2205 1336 2255 ῐο
1424 2266 1425 2279 ¹

211 2300 339 2366 Aeschyli
355 2299 450 2351 Perss.
468 2298 632 2369 (vratislav.
652 2299 733 2355 1818)
748 2313 812 2366 pag.
827 2301 842 2349 7
859 2315 954 2368 seqq:
971 2297 999 2349 id
1017 2313 1101 2350 unum
1120 2296 1244 2349 hocloco
1267 2286 1334 2345 teneri
1424 2282 1425 2285 Ἴ

209 2385 349 2450 volumus,
373 2384 447 2454 quod
469 2400 558 2453 nuper
582 2399 693 2452 quoque
718 2383 865 2451 professus
887 2391 930 2434 est
954 2383 1002 2434 Fr.
1025 2381 1152 2436 Althaus.
1173 2382 1201 2434 in
1223 2379 1293 2433 Dios.
1310 2372 1334 2424 lt

210 2470 340 2522 historiae
355 2468 567 2537 conscriptionis
583 2467 697 2519 historia
714 2465 850 2537 (Barolin.
867 2467 948 2533 1852)
962 2485 989 2535 p.
1013 2469 1047 2522 39
1063 2467 1195 2537 quodque
1217 2462 1338 2521 neminem,

209 2555 256 2623 qni
274 2553 355 2623 paulo
372 2553 528 2605 accuratius
545 2551 708 2619 Aeschylum
724 2557 752 2603 et
766 2551 936 2604 Herodotum
952 2557 981 2602 et
1000 2551 1100 2619 legerit
1124 2559 1154 2604 et
1177 2567 1267 2605 secum
1286 2561 1338 2598 cou-

209 2639 340 2705 tenderit,
363 2646 527 2706 negaturum
550 2656 613 2689 esse
632 2637 756 2688 confido:
778 2653 901 2703 magnam
916 2636 1041 2706 adeoque
1061 2653 1191 2691 summam
1211 2633 1340 2701 utriusque

209 2724 260 2775 viri
276 2722 392 2792 reperiri
407 2722 611 2774 similitudinem
625 2722 651 2774 in
670 2721 720 2772 hoc
734 2722 795 2789 ipso
816 2720 909 2790 operis
927 2722 982 2774 tine
1004 2728 1087 2791 etque
1111 2722 1141 2774 in
1164 2717 1295 2775 sententie
1313 2714 1341 2765 de

208 2808 302 2860 divina
320 2807 438 2860 vindicta
459 2816 543 2878 atque
559 2806 675 2873 iustitia,
690 2823 746 2877 qua
760 2806 849 2857 omnia
863 2806 892 2857 in
913 2805 1064 2859 mortalium
1078 2807 1166 2860 rebus
1180 2804 1342 2859 continentur

208 2901 237 2945 et
250 2900 397 2960 reguntur.
430 2892 527 2963 Itaque
549 2909 631 2944 unum
652 2892 711 2943 sere
733 2890 858 2961 idemque
882 2897 1027 2961 utrumque
1046 2892 1081 2944 de
1101 2892 1188 2945 rebus
1206 2888 1302 2942 divinis
1319 2890 1342 2935 et

208 2979 333 3029 sensisse
355 2985 383 3028 et
405 2985 546 3046 spectasse
569 2977 722 3041 credimus,
748 2975 817 3027 adeo
834 2981 880 3041 ut,
897 2975 964 3028 siin
982 2976 1146 3048 quibusdam
1163 2976 1246 3029 rebus
1262 2972 1342 3040 iisque

208 3063 321 3114 levioris
336 3062 461 3114 momenti
476 3061 625 3114 dissentire
648 3080 698 3114 nec
719 3077 835 3130 prorsus
850 3062 999 3114 convenire
1014 3079 1107 3115 secum
1130 3062 1256 3116 videatur
1278 3064 1342 3109 uter·

208 3164 277 3216 que,
295 3147 322 3198 id
342 3165 375 3200 ex
397 3147 508 3198 diversa
533 3147 680 3216 utriusque
697 3146 749 3198 viri
772 3145 863 3198 indole
878 3146 1075 3217 cogitandique
1091 3148 1202 3200 ratione
1216 3159 1299 3212 aeque
1315 3155 1343 3190 ac

208 3232 319 3284 diversa
336 3232 428 3301 operis
454 3231 577 3299 suscepti
605 3239 703 3283 natura
726 3238 754 3282 et
772 3230 937 3283 tractatione
956 3232 1137 3301 repetendum
1159 3250 1221 3285 esse
1241 3242 1343 3281 censea-

207 3334 276 3370 mns.
308 3317 408 3387 Neque
424 3334 488 3369 vero
506 3317 533 3368 id
545 3317 689 3369 discrimen
707 3316 780 3367 inter
797 3322 943 3385 utrumque
961 3323 1065 3369 tantum
1080 3335 1146 3371 esse
1161 3317 1252 3381 credo,
1265 3328 1341 3382 quan·

207 3410 263 3455 tum
280 3403 332 3454 sibi
352 3402 493 3455 invenisse
507 3402 585 3453 visus
601 3409 645 3453 est
662 3401 704 3453 vir
721 3400 834 3467 doctos,
851 3401 899 3470 qui
924 3417 1012 3470 nuper
1031 3401 1161 3471 pluribus
1185 3404 1341 3472 persecutns

209 3496 252 3539 est
271 3488 419 3557 utriusque
437 3487 582 3555 scriptoris
599 3487 761 3538 sententiam
784 3486 818 3537 de
837 3485 950 3537 deorum
972 3486 1076 3538 invidia
1093 3487 1156 3558 (W.
1189 3486 1342 3538 Hoffmann:

207 3572 379 3639 „Aeschylos
395 3571 450 3623 und
466 3571 591 3624 Herodot
605 3572 674 3623 tiber
684 3570 736 3622 den
753 3563 865 3639 φθόνος
879 3571 928 3622 der
940 3571 1087 3623 Gottheit‘⁴
1100 3572 1128 3624 in
1142 3570 1275 3637 Philolog.
1290 3562 1341 3617 llll·

207 3675 270 3726 pag.
286 3662 337 3709 224
352 3658 445 3727 seqq.)
469 3657 606 3725 puriorem
628 3657 654 3707 in
679 3656 721 3708 his
744 3654 871 3722 Aeschyli
893 3655 1043 3708 doctrinam
1063 3674 1126 3709 esse
1153 3649 1342 3726 pronuntiarit,

206 3742 341 3794 Herodoti
357 3742 520 3794 sententiam
541 3759 574 3793 ea
590 3740 790 3810 superstitione
811 3740 939 3794 imbutam
955 3741 1056 3809 voluit,
1080 3758 1135 3811 qua
1155 3740 1276 3793 divinum
1297 3749 1341 3785 nu·

275 3973 300 4035 *l
317 3976 461 4025 Portinont
482 3974 534 4023 huc
554 3990 601 4036 oa,
624 3988 693 4037 quae
711 3973 863 4039 Aeschylus
884 3974 1013 4035 Darium,
1036 3978 1249 4024 commemorata
1269 3965 1339 4020 clodo

208 4043 382 4104 Plataeensi,
398 4042 571 4106 eloquentem
584 4043 653 4091 iacit
670 4057 710 4091 vs.
723 4041 773 4091 802
787 4041 848 4105 (818
861 4042 902 4092 ad.
915 4042 1010 4105 Diod.)
1024 4058 1114 4107 seqq:

412 4158 496 4235 θῖνες
509 4155 617 4221 νεκρῶν
629 4151 662 4207 δὲ
674 4154 725 4208 καὶ
737 4152 911 4224 τριτοσπόρῳ
922 4157 995 4227 γονῇ

411 4242 516 4288 epona
529 4225 705 4295 οημανοῦοιν
718 4216 843 4292 ὄμμασιν
854 4227 964 4295 βροτῶν

410 4288 448 4367 οξς
460 4284 512 4359 οὐχ
524 4289 656 4357 οπέρφευ
668 4289 779 4361 θνητὸν
791 4287 861 4346 ὄντα
873 4289 926 4362 χρὴ
940 4297 1070 4375 φρονεῖν.

410 4355 578 4437 ρβριςηγὰρ
592 4353 750 4424 ἐξανθοῦο’
764 4355 909 4427 ἔνοῖρπωσε
921 4378 1028 4430 oengus

410 4445 494 4496 ατης,
508 4430 581 4480 odae
592 4426 778 4496 πάγκλαυτον
790 4423 881 4498 ἐξαμᾷ
893 4427 990 4496 θέρος.
