2932 5124
218 364 278 426 ror
650 355 938 437 ¹russonum,

150 538 210 599 133
297 536 344 601 Ol
358 531 420 620 pio
438 526 643 618 δὴἘλληαες
662 535 791 598 ἔπλωον
810 532 841 609 ἐς
860 524 921 616 τὴν
944 530 1075 615 Δῆλον,
1099 525 1294 616 Μαρδόνιος
1318 528 1356 596 dl

217 635 293 721 περὶ
310 629 372 719 τὴν
390 638 578 719 Θεσσαλίην
597 634 750 721 ἐχείμαζε.
771 632 931 700 ἐνθεῦτεν
949 630 987 699 δὲ
1003 623 1214 717 ὁρμεοίμεαος
1231 635 1357 718 ἔπεμπε

217 731 299 803 κατὰ
317 731 356 803 roi
373 731 554 823 χρηστήρια
571 729 679 821 ἄνδρα
696 727 862 820 Εὐρωπέα
879 733 987 820 γένος,
1004 733 1052 823 τῷ
1068 727 1194 819 οὕνομα
1205 719 1249 818 ἦν
1262 733 1356 817 Μῦς,

218 932 316 981 tendas
339 931 471 997 reliquias
496 935 524 980 et
548 929 618 980 alias
643 945 676 979 ex
693 928 760 979 Asia
812 929 955 990 vuilit.
968 927 1016 979 138
1029 932 1056 978 et
1066 928 1137 993 quod
1147 928 1190 978 vel
1201 930 1292 990 magis
1303 928 1357 977 bue

219 1004 377 1049 contractas
394 997 582 1049 formidabiles
601 998 696 1063 copias
713 1012 760 1061 op·
811 997 931 1061 pertinet
943 998 990 1057 lx,
1006 996 1034 1045 l:
1053 986 1195 1075 ὁρμηθεὶς
1207 988 1238 1045 ἐκ
1252 992 1358 1046 Θεσσα-

217 1066 393 1184 {stult
409 1064 761 1194 tttttt‘idffl‘ttttt
812 1051 1271 1196 tttlltdttut‘tttitr
1285 1064 1359 1181 tlt

217 1202 248 1251 oi
259 1202 366 1251 Greoce
379 1202 410 1249 V.
429 1218 455 1266 p.
471 1198 519 1249 198
535 1199 597 1249 coll.
611 1199 632 1249 I.
650 1201 719 1264 App.
733 1215 760 1262 p.
813 1198 915 1248 reddit:
938 1202 1048 1257 ,metant
1064 1201 1109 1248 mis
1125 1216 1158 1249 ea
1174 1198 1358 1249 mouoeuenl.“

217 1269 268 1318 515
285 1269 319 1317 ad
336 1273 437 1317 metum
451 1268 618 1317 Graecorum
635 1267 761 1317 haecre-
812 1266 880 1315 nde.
905 1265 955 1328 lx,
980 1265 1010 1316 31
1030 1266 1075 1315 fin.
1100 1267 1162 1316 coll.
1181 1267 1223 1317 52.
1264 1268 1360 1317 Verba

217 1352 335 1397 vocaus,
355 1352 406 1399 qno
420 1336 495 1400 eapti
514 1340 594 1384 erant
607 1335 762 1399 cogitantes
814 1325 887 1382 sotei
903 1328 938 1383 roi
957 1330 1113 1399 χρηστήρια
1131 1334 1212 1398 vulgo
1227 1334 1359 1385 reddunt:

218 1403 251 1452 de
270 1403 430 1466 regionibus
447 1402 596 1467 incognitis
618 1408 646 1451 et
664 1401 697 1450 de
715 1400 763 1449 im·
814 1402 869 1462 „ad
885 1404 1039 1451 consulenda
1051 1405 1189 1457 oracola“,·
1206 1402 1297 1451 minus
1312 1418 1359 1451 ac-

218 1471 320 1520 mensis
336 1473 483 1521 Persarum
500 1471 603 1534 copiis,
627 1484 696 1534 quas
715 1484 762 1533 ag·
814 1474 990 1528 corciacum
998 1469 1246 1534 propriaraleant:
1257 1485 1362 1534 persa·

194 1530 201 1543 '
219 1539 338 1603 gressori
352 1543 440 1589 eraut.
475 1538 563 1599 Quem
580 1538 694 1586 nimium
706 1551 764 1585 me·
813 1538 870 1597 rio,
884 1550 954 1600 quac
967 1537 996 1584 in
1008 1536 1129 1586 Graecia
1142 1542 1229 1597 eraut,
1242 1541 1360 1596 oracula,

218 1616 275 1655 tum
298 1607 400 1671 insigni
425 1607 478 1656 bac
501 1605 642 1656 locutione
664 1605 765 1653 Noster
815 1605 856 1651 ita
869 1609 992 1652 utunum
1006 1619 1039 1653 ex
1053 1602 1360 1665 alterosciscitaretur3

218 1674 376 1725 describere
399 1674 520 1723 voluisse
543 1671 665 1733 videtur,
690 1671 764 1721 haud
816 1671 878 1747 lpde
892 1669 1010 1746 capidi)
1019 1671 1239 1722 Nosterscribit:
1258 1663 1361 1724 ἐλθεῖν

217 1741 416 1806 vituperandus
428 1742 501 1803 iude,
515 1746 545 1791 ut
557 1740 665 1806 placuit
675 1738 764 1803 Anglo
815 1754 873 1801 αρα
882 1731 933 1787 τὸν
943 1730 1083 1801 Εαρωκέα
1092 1737 1163 1788 Μῦν
1174 1754 1361 1804 aesqaotqm

219 1811 278 1860 viro
296 1810 377 1859 docto
396 1809 485 1859 debis
497 1808 645 1859 disserenti
662 1808 763 1868 (Mures
816 1800 978 1871 poipesor
1005 1797 1119 1854 πάντα
1146 1798 1185 1855 τοὶ
1210 1803 1362 1874 χρηστή-

219 1878 332 1940 History
345 1877 376 1927 of
386 1877 432 1926 the
442 1875 582 1941 lauguago
596 1874 650 1925 aud
660 1874 764 1924 literat.
816 1888 874 1937 ρια
886 1889 912 1923 α.
925 1889 949 1922 τ.
964 1873 988 1924 t.
1007 1874 1049 1921 Tu
1062 1872 1116 1922 vid.
1128 1872 1162 1922 de
1175 1874 1227 1923 hac
1239 1877 1269 1925 vi
1280 1891 1363 1940 prae-

220 1944 251 1994 of
259 1945 372 1993 ancient
382 1945 487 1994 Greeee
498 1945 544 1993 [V.
554 1940 675 2008 poploe
685 1940 763 2006 seq).
814 1941 961 2006 positionis
977 1932 1050 1989 susci
1068 1941 1095 1998 Ι,
1113 1938 1156 1990 30.
1176 1941 1247 2001 1‚77
1265 1943 1362 2008 ibique

220 2011 375 2061 Verisimile
391 2011 500 2059 ridetur
511 2008 662 2059 vernaculo
679 2009 763 2058 inter·
815 2014 883 2059 nott.
895 2011 963 2058 item
982 2023 1016 2058 ue
1028 2007 1103 2067 VIII,
1116 2007 1149 2058 51
1162 2007 1256 2072 ibique
1267 2017 1341 2061 nott

219 2080 304 2143 preti,
325 2077 477 2139 Schoellio,
505 2077 674 2126 Herodotum
692 2075 763 2125 baec
848 2066 943 2139 ἄνδρα
956 2024 1201 2139 Εὐρωπέαγέαας]
1222 2076 1361 2142 Empero-

221 2144 765 2210 seripsisse,quotemporenondumoam
815 2146 851 2193 οἱα
874 2143 928 2193 fuit
943 2158 1058 2208 genere,
1084 2143 1102 2193 i.
1121 2159 1145 2193 e.
1163 2144 1232 2193 ciris
1250 2144 1363 2210 Empe
1458 2182 1459 2207 ρ

220 2213 274 2261 sibi
288 2212 482 2275 acquisivisset
491 2212 658 2262 Graecorum
672 2212 699 2260 in
710 2212 764 2260 Eu·
816 2211 946 2261 Aristidis
957 2210 1064 2260 scholia
1075 2210 1149 2295 (paq.
1161 2210 1194 2260 47
1207 2211 1250 2261 ed.
1263 2212 1364 2264 From-

220 2296 288 2345 ropa
304 2278 488 2329 habitantium
500 2294 647 2344 corumque
664 2279 705 2328 rei
716 2294 765 2328 na·
816 2278 892 2341 mel.)
904 2280 929 2328 si
942 2278 1099 2339 audiamus,
1115 2279 1294 2342 ommutuit,
1312 2282 1363 2332 sed

220 2347 292 2398 valis
304 2347 499 2412 cognitionem,
513 2362 593 2412 qnam
605 2347 721 2412 posthac
732 2347 765 2395 il·
816 2347 948 2397 Persicae
967 2351 997 2396 et
1013 2346 1139 2396 Graecae
1156 2345 1271 2411 linguae
1292 2364 1363 2411 gua·

220 2415 276 2465 lum
298 2420 454 2465 assecutum
476 2429 537 2465 esse
559 2414 610 2464 alii
625 2416 766 2465 Musarum
817 2428 875 2463 rus:
896 2413 1365 2480 quamquaminhisscboliiaplura

221 2483 277 2533 loci
287 2483 399 2547 egregie
409 2483 518 2533 docent.
537 2483 578 2532 Ao
590 2486 660 2533 satis
673 2482 766 2546 cogui-
818 2496 905 2545 eaque
928 2481 1038 2531 diversa
1058 2480 1188 2531 videntur
1209 2496 1271 2532 esse
1295 2499 1364 2535 can·

221 2556 292 2613 tum,
310 2566 364 2601 non
382 2565 434 2600 uno
452 2551 600 2616 eodemque
617 2556 712 2600 tenore
729 2549 764 2599 ab
817 2549 888 2598 iasa.
923 2548 1025 2612 [inrupi
1041 2549 1110 2599 civis
1127 2551 1152 2599 si
1165 2549 1231 2610 fuit,
1251 2554 1365 2612 quaeri-

222 2620 301 2668 initio
312 2617 671 2682 usqueadlinemllerodoti
680 2617 766 2666 libros
816 2623 871 2671 tur.
896 2631 1033 2680 quaenam
1049 2617 1176 2681 Europus
1199 2617 1236 2666 sit
1257 2618 1364 2685 iptelli·

222 2702 283 2735 esse
302 2687 486 2750 conscriptos,
511 2685 560 2735 aed
579 2685 650 2735 alias
671 2689 766 2751 partes
817 2683 920 2748 gendo,
946 2699 1008 2733 cum
1029 2684 1103 2749 apud
1119 2683 1289 2749 Stephanum
1307 2687 1365 2749 By·

221 2755 309 2818 prius,
330 2752 655 2803 aliasseriusexaratas.
690 2753 765 2801 Sami
816 2752 955 2801 aautinum
973 2757 1029 2801 tres
1046 2751 1127 2805 huius
1143 2753 1262 2801 nominis
1279 2754 1365 2804 urbes

222 2827 314 2870 autem
336 2824 363 2869 et
385 2835 402 2868 a
422 2820 523 2869 Samiis
545 2820 614 2870 baec
635 2819 765 2885 probabi·
817 2819 983 2880 excitentur,
1018 2818 1109 2869 altera
1136 2820 1164 2869 iu
1192 2820 1365 2871 Macedonia

221 2887 285 2936 liter
309 2888 453 2950 accepisse
471 2887 639 2937 Herodotum
657 2887 764 2936 itidem·
817 2887 884 2945 sita,
904 2886 995 2936 altera
1006 2888 1036 2936 in
1049 2886 1130 2950 Syria
1146 2885 1238 2951 (cuius
1255 2889 1365 2950 gentile

222 2969 274 3020 que
291 2953 378 3002 literis
391 2954 569 3019 consignasse
582 2955 655 3004 idem
667 2956 767 3004 statuit
817 2943 1010 3017 Edoouotocn
1033 2956 1119 3004 tertia
1135 2954 1237 3005 Cariae
1260 2956 1366 3007 dicitnr

221 3020 342 3071 Schoell.
817 3023 919 3083 fuisse,
937 3037 1009 3086 qnae
1021 3022 1111 3072 Idrias
1128 3037 1236 3087 quoque
1247 3029 1367 3075 vocetur

816 3089 974 3154 gentileque
984 3082 1259 3153 babeatErlooiruoc:
1273 3108 1308 3141 ae
1318 3092 1366 3142 de-

465 3189 613 3241 σοαπ
816 3157 1367 3289 Eruet.

256 3281 398 3357 ἐχείμαζε]
415 3291 475 3343 Via
487 3297 556 3342 nott.
571 3292 605 3342 ad
617 3292 692 3353 11111,
709 3290 765 3342 113.
817 3285 869 3343 adv
885 3263 1049 3357 Edpoipsric.
1087 3294 1161 3343 Hinc
1179 3293 1319 3345 Euroram
1337 3303 1366 3345 et

222 3360 300 3420 Quae
318 3365 480 3425 sequuntur:
505 3351 645 3411 ἐνθεῦτεν
660 3353 766 3425 ὅρμοιο-
817 3361 987 3411 Europenses
1009 3360 1094 3410 babet
1115 3362 1213 3411 Livius
1229 3362 1364 3427 XXXIII,

221 3441 319 3491 paroc,
345 3427 606 3492 SchweIghaeusero
625 3428 715 3478 iudice
737 3429 765 3477 in
816 3426 1075 3490 seetxxxmm.
1110 3429 1230 3485 defuit,
1249 3445 1314 3480 eum
1330 3432 1365 3482 de

222 3496 289 3544 Lex.
300 3496 401 3544 Herod.
415 3496 460 3558 (11.
471 3512 499 3561 p.
512 3494 569 3554 156)
582 3511 637 3545 uon
648 3502 705 3545 tam
716 3511 765 3545 va·
816 3495 933 3560 Europe,
945 3497 1127 3546 MacedonIae
1140 3497 1206 3547 urbe
1216 3497 1253 3547 ad
1264 3499 1365 3549 Axium

222 3562 294 3610 lent:
317 3564 376 3611 inde
392 3578 491 3613 mouens
510 3579 532 3615 s.
549 3566 609 3614 inde
625 3580 679 3613 οααι
695 3567 766 3612 inati-
817 3564 1366 3629 amnemsitacogitarem.quamaaudem

222 3630 305 3678 lueret
321 3645 430 3685 nrooere,
455 3631 504 3679 sed
528 3630 598 3680 nihil
615 3632 673 3681 fere
690 3626 766 3681 aliud
815 3631 1112 3695 noveruntThucydid.
1122 3631 1215 3693 11,100
1228 3637 1259 3682 st
1271 3633 1366 3685 Strab.
1456 3636 1457 3639 ’

222 3697 277 3745 uisi
293 3696 345 3746 hoc
362 3697 468 3746 dicunt:
493 3700 569 3760 ‚,durn
589 3700 614 3747 io
635 3699 767 3749 Thessalia
815 3699 875 3748 VII.
885 3698 981 3764 petr,
996 3699 1043 3763 qui
1054 3699 1126 3749 idem
1136 3698 1222 3764 patu
1231 3699 1367 3765 Europen

222 3763 360 3825 hiemabat,
376 3766 449 3814 inde
467 3764 511 3826 (ex
522 3765 681 3829 Thessalia)
696 3769 765 3830 lepu·
815 3766 926 3816 flurinm
943 3773 1150 3829 commemorat,
1167 3768 1367 3819 Macedoniam

222 3837 272 3884 tom
288 3832 386 3881 mmt.“
422 3832 501 3894 Quod
523 3835 612 3883 minus
634 3838 764 3883 accurate
816 3839 845 3884 et
857 3833 1031 3884 Thessaliam
1043 3836 1090 3900 qui
1102 3840 1226 3899 separat:
1246 3836 1286 3886 ci.
1296 3837 1366 3887 For·

211 3898 337 3947 'reddere
349 3898 416 3948 mibi
431 3900 552 3959 videtur,
573 3902 621 3965 qui
631 3901 767 3950 Herodoti
815 3901 908 3965 biger:
922 3901 1032 3951 Handb.
1043 3902 1069 3951 d.
1080 3902 1129 3953 alt.
1141 3901 1301 3968 seograpb.
1311 3904 1366 3955 111.

221 3965 308 4015 verba
325 3966 366 4016 sie
378 3965 562 4032 intelligenda
574 3984 635 4018 esse
651 3983 764 4018 censeo:
816 3984 880 4035 pag.
889 3967 963 4018 1062.
982 3968 1036 4019 Sed
1046 3970 1139 4021 obstat
1148 3970 1365 4029 PausaniasIX.
1455 4010 1456 4013 η

223 4035 302 4094 „inde
318 4033 362 4094 (err
374 4032 499 4084 hibernis
514 4035 543 4084 iu
556 4034 703 4085 Thessalia
719 4052 765 4100 po·
815 4035 856 4086 23.
870 4038 894 4097 §-
907 4035 924 4086 3
935 4037 969 4086 de
979 4037 1098 4102 Europe,
1111 4037 1210 4087 Carum
1222 4038 1302 4101 urbe,
1316 4039 1365 4090 bic

222 4100 295 4161 sitis)
311 4117 365 4150 cum
376 4105 516 4151 exercitum
533 4100 692 4164 (Graeciam
703 4118 765 4153 ver-
816 4104 992 4169 cogitandum
1014 4120 1075 4155 esse
1096 4105 1139 4155 bis
1156 4105 1249 4155 verbis
1267 4106 1364 4157 decla·

222 4167 656 4231 suslmooerets.cumineoesset,
670 4171 765 4221 atinde
816 4186 893 4222 rans:
923 4171 977 4221 καί
997 4187 1067 4223 uota
1088 4161 1185 4236 ἄνδρα
1208 4162 1364 4236 Εὐρωπέα,
1455 4190 1456 4209 i

222 4252 276 4285 eum
287 4238 405 4315 exercitu
410 4238 654 4315 proficisceretur.“
682 4238 765 4288 Hand
815 4228 906 4303 ὄνομα
920 4233 953 4290 dd
963 4233 994 4289 οἱ
1002 4232 1166 4300 εἷοαιΜῦα,
1177 4238 1281 4291 τοῦτον
1290 4233 1365 4292 οἷκο-

173 4332 177 4337 ·
224 4303 306 4355 aliter
325 4318 503 4369 ορμεωμενος
519 4306 660 4357 invenitur
676 4308 703 4370 1,
722 4304 764 4357 36.
815 4300 953 4357 σταλέντα
968 4298 1026 4357 ὑπὸ
1037 4304 1213 4370 Μαρδονίου
1226 4299 1279 4358 τὸν
1290 4308 1366 4362 Maia
