<?xml version="1.0" encoding="UTF-8"?>
<!DOCTYPE html PUBLIC "-//W3C//DTD XHTML 1.0 Transitional//EN"
    "http://www.w3.org/TR/xhtml1/DTD/xhtml1-transitional.dtd">
<html xmlns="http://www.w3.org/1999/xhtml" xml:lang="en" lang="en">
 <head>
  <title>
</title>
<meta http-equiv="Content-Type" content="text/html;charset=utf-8" />
  <meta name='ocr-system' content='tesseract 3.04.00' />
  <meta name='ocr-capabilities' content='ocr_page ocr_carea ocr_par ocr_line ocrx_word'/>
</head>
<body>
  <div class='ocr_page' id='page_1' title='image "./herodotihalicar04bhgoog/herodotihalicar04bhgoog_0401.png"; bbox 0 0 2826 5132; ppageno 0'>
   <div class='ocr_carea' id='block_1_1' title="bbox 161 412 865 482">
    <p class='ocr_par' dir='ltr' id='par_1_1' title="bbox 161 412 865 482">
     <span class='ocr_line' id='line_1_1' title="bbox 161 412 865 482; baseline -0.011 0"><span class='ocrx_word' id='word_1_1' title='bbox 161 418 221 482; x_wconf 80' lang='lat'><strong>372</strong></span> <span class='ocrx_word' id='word_1_2' title='bbox 598 412 865 476; x_wconf 79' lang='lat' dir='ltr'><strong>HERODOTI</strong></span> 
     </span>
    </p>
   </div>
   <div class='ocr_carea' id='block_1_2' title="bbox 159 576 1299 780">
    <p class='ocr_par' dir='ltr' id='par_1_2' title="bbox 159 576 1299 780">
     <span class='ocr_line' id='line_1_2' title="bbox 161 576 1298 681; baseline -0.002 -24"><span class='ocrx_word' id='word_1_3' title='bbox 161 585 320 681; x_wconf 77' lang='grc' dir='ltr'><em>ἐντούτῳ</em></span> <span class='ocrx_word' id='word_1_4' title='bbox 338 593 373 657; x_wconf 90' lang='grc' dir='ltr'><strong>οί</strong></span> <span class='ocrx_word' id='word_1_5' title='bbox 388 576 570 678; x_wconf 74' lang='grc' dir='ltr'><em>δορυφόροι</em></span> <span class='ocrx_word' id='word_1_6' title='bbox 588 591 623 656; x_wconf 79' lang='grc' dir='ltr'><strong>οἱ</strong></span> <span class='ocrx_word' id='word_1_7' title='bbox 639 594 819 657; x_wconf 78' lang='grc' dir='ltr'><strong><em>Μασίστεω</em></strong></span> <span class='ocrx_word' id='word_1_8' title='bbox 838 590 1061 675; x_wconf 68' lang='grc' dir='ltr'><em>προέσθησαν.</em></span> <span class='ocrx_word' id='word_1_9' title='bbox 1091 581 1109 655; x_wconf 87' lang='grc' dir='ltr'><em>ό</em></span> <span class='ocrx_word' id='word_1_10' title='bbox 1129 587 1166 655; x_wconf 70' lang='lat' dir='ltr'><strong>al</strong></span> <span class='ocrx_word' id='word_1_11' title='bbox 1183 593 1298 669; x_wconf 78' lang='grc' dir='ltr'><em>Ξεινα-</em></span> 
     </span>
     <span class='ocr_line' id='line_1_3' title="bbox 159 684 1299 780; baseline -0.001 -22"><span class='ocrx_word' id='word_1_12' title='bbox 159 688 260 777; x_wconf 90' lang='grc' dir='ltr'><em>γόρης</em></span> <span class='ocrx_word' id='word_1_13' title='bbox 288 693 393 758; x_wconf 79' lang='grc' dir='ltr'><strong>ταῦτα</strong></span> <span class='ocrx_word' id='word_1_14' title='bbox 420 687 597 779; x_wconf 75' lang='grc' dir='ltr'><em>ἐργάσατο,</em></span> <span class='ocrx_word' id='word_1_15' title='bbox 626 685 742 779; x_wconf 81' lang='grc' dir='ltr'><em>χάριτα</em></span> <span class='ocrx_word' id='word_1_16' title='bbox 773 684 865 780; x_wconf 74' lang='grc' dir='ltr'><em>αὐτῷ</em></span> <span class='ocrx_word' id='word_1_17' title='bbox 886 716 921 757; x_wconf 89' lang='grc' dir='ltr'><strong>τε</strong></span> <span class='ocrx_word' id='word_1_18' title='bbox 945 695 1104 776; x_wconf 81' lang='grc' dir='ltr'><strong><em>Μασίστῃ</em></strong></span> <span class='ocrx_word' id='word_1_19' title='bbox 1127 690 1299 775; x_wconf 75' lang='grc' dir='ltr'><strong><em>τιθέμενος</em></strong></span> 
     </span>
    </p>
   </div>
   <div class='ocr_carea' id='block_1_3' title="bbox 91 785 1411 1691">
    <p class='ocr_par' dir='ltr' id='par_1_3' title="bbox 158 785 1302 1387">
     <span class='ocr_line' id='line_1_4' title="bbox 159 785 1299 881; baseline -0.001 -23"><span class='ocrx_word' id='word_1_20' title='bbox 159 792 214 859; x_wconf 83' lang='grc' dir='ltr'><em>καὶ</em></span> <span class='ocrx_word' id='word_1_21' title='bbox 237 793 360 881; x_wconf 75' lang='grc' dir='ltr'><em>Ξέρξη,</em></span> <span class='ocrx_word' id='word_1_22' title='bbox 385 789 536 874; x_wconf 77' lang='grc' dir='ltr'><em>έκσωζων</em></span> <span class='ocrx_word' id='word_1_23' title='bbox 558 786 616 859; x_wconf 87' lang='grc' dir='ltr'><em>τόν</em></span> <span class='ocrx_word' id='word_1_24' title='bbox 639 785 787 879; x_wconf 79' lang='grc' dir='ltr'><em>άὸελφόν</em></span> <span class='ocrx_word' id='word_1_25' title='bbox 810 786 870 859; x_wconf 87' lang='grc' dir='ltr'><em>τόν</em></span> <span class='ocrx_word' id='word_1_26' title='bbox 893 793 1037 860; x_wconf 56' lang='lat' dir='ltr'><strong>luciaco·</strong></span> <span class='ocrx_word' id='word_1_27' title='bbox 1056 791 1112 858; x_wconf 77' lang='grc' dir='ltr'><em>καὶ</em></span> <span class='ocrx_word' id='word_1_28' title='bbox 1131 786 1187 856; x_wconf 75' lang='grc' dir='ltr'><strong>διά</strong></span> <span class='ocrx_word' id='word_1_29' title='bbox 1203 792 1299 858; x_wconf 80' lang='grc' dir='ltr'><em>τοῦτο</em></span> 
     </span>
     <span class='ocr_line' id='line_1_5' title="bbox 158 880 1298 981; baseline -0.002 -21"><span class='ocrx_word' id='word_1_30' title='bbox 158 888 195 960; x_wconf 87' lang='grc' dir='ltr'><em>τό</em></span> <span class='ocrx_word' id='word_1_31' title='bbox 219 898 317 981; x_wconf 77' lang='grc' dir='ltr'><em>ἔργον</em></span> <span class='ocrx_word' id='word_1_32' title='bbox 339 889 541 981; x_wconf 79' lang='grc' dir='ltr'><em>Ξειναγόρης</em></span> <span class='ocrx_word' id='word_1_33' title='bbox 564 898 715 978; x_wconf 80' lang='grc' dir='ltr'><strong><em>Κιλικίης</em></strong></span> <span class='ocrx_word' id='word_1_34' title='bbox 739 890 845 978; x_wconf 87' lang='grc' dir='ltr'><em>πάσης</em></span> <span class='ocrx_word' id='word_1_35' title='bbox 868 880 962 980; x_wconf 78' lang='grc' dir='ltr'><em>ἦρξε,</em></span> <span class='ocrx_word' id='word_1_36' title='bbox 994 887 1111 971; x_wconf 77' lang='grc' dir='ltr'><em>δόντος</em></span> <span class='ocrx_word' id='word_1_37' title='bbox 1138 892 1298 977; x_wconf 78' lang='grc' dir='ltr'><em>βασιλέος.</em></span> 
     </span>
     <span class='ocr_line' id='line_1_6' title="bbox 158 987 1300 1082; baseline 0.001 -22"><span class='ocrx_word' id='word_1_38' title='bbox 158 995 226 1061; x_wconf 72' lang='grc' dir='ltr'><strong><em>τῶν</em></strong></span> <span class='ocrx_word' id='word_1_39' title='bbox 245 993 282 1061; x_wconf 72' lang='grc' dir='ltr'><strong>δὲ</strong></span> <span class='ocrx_word' id='word_1_40' title='bbox 300 988 368 1062; x_wconf 82' lang='grc' dir='ltr'><em>κατ’</em></span> <span class='ocrx_word' id='word_1_41' title='bbox 386 987 468 1062; x_wconf 75' lang='grc' dir='ltr'><em>ὁδόν</em></span> <span class='ocrx_word' id='word_1_42' title='bbox 485 995 721 1082; x_wconf 81' lang='grc' dir='ltr'><em>πορευομένων</em></span> <span class='ocrx_word' id='word_1_43' title='bbox 732 988 835 1062; x_wconf 71' lang='grc' dir='ltr'><em>οὐδὲν</em></span> <span class='ocrx_word' id='word_1_44' title='bbox 847 998 894 1061; x_wconf 80' lang='grc' dir='ltr'><strong><em>ἔτι</em></strong></span> <span class='ocrx_word' id='word_1_45' title='bbox 907 993 1008 1060; x_wconf 78' lang='grc' dir='ltr'><em>πλέον</em></span> <span class='ocrx_word' id='word_1_46' title='bbox 1021 993 1149 1079; x_wconf 76' lang='grc' dir='ltr'><em>ἐγένετο</em></span> <span class='ocrx_word' id='word_1_47' title='bbox 1159 989 1300 1079; x_wconf 82' lang='grc' dir='ltr'><em>τούτων,</em></span> 
     </span>
     <span class='ocr_line' id='line_1_7' title="bbox 158 1088 1301 1184; baseline 0 -22"><span class='ocrx_word' id='word_1_48' title='bbox 158 1088 228 1162; x_wconf 77' lang='grc' dir='ltr'><strong>ἄλλ’</strong></span> <span class='ocrx_word' id='word_1_49' title='bbox 246 1089 459 1163; x_wconf 74' lang='grc' dir='ltr'><strong>ἀπικνέονται</strong></span> <span class='ocrx_word' id='word_1_50' title='bbox 478 1097 510 1174; x_wconf 78' lang='grc' dir='ltr'><strong>ἐς</strong></span> <span class='ocrx_word' id='word_1_51' title='bbox 527 1090 663 1184; x_wconf 77' lang='grc' dir='ltr'><em>Σάρδις.</em></span> <span class='ocrx_word' id='word_1_52' title='bbox 680 1088 735 1163; x_wconf 85' lang='grc' dir='ltr'><strong>Ἐν</strong></span> <span class='ocrx_word' id='word_1_53' title='bbox 753 1094 791 1163; x_wconf 72' lang='grc' dir='ltr'><strong>δὲ</strong></span> <span class='ocrx_word' id='word_1_54' title='bbox 808 1096 882 1183; x_wconf 74' lang='grc' dir='ltr'><em>τῇσι</em></span> <span class='ocrx_word' id='word_1_55' title='bbox 899 1089 1043 1179; x_wconf 77' lang='grc' dir='ltr'><em>Σάρδισι</em></span> <span class='ocrx_word' id='word_1_56' title='bbox 1062 1090 1221 1181; x_wconf 75' lang='grc' dir='ltr'><em>ἐτύγχανε</em></span> <span class='ocrx_word' id='word_1_57' title='bbox 1237 1090 1301 1162; x_wconf 76' lang='grc' dir='ltr'><strong>ἐάν</strong></span> 
     </span>
     <span class='ocr_line' id='line_1_8' title="bbox 158 1189 1302 1284; baseline -0.002 -19"><span class='ocrx_word' id='word_1_58' title='bbox 158 1192 317 1282; x_wconf 80' lang='grc' dir='ltr'><em>βασιλεός</em></span> <span class='ocrx_word' id='word_1_59' title='bbox 335 1198 367 1279; x_wconf 80' lang='grc' dir='ltr'><strong>ἐξ</strong></span> <span class='ocrx_word' id='word_1_60' title='bbox 387 1198 517 1265; x_wconf 81' lang='grc' dir='ltr'><em>ἐκείνου</em></span> <span class='ocrx_word' id='word_1_61' title='bbox 533 1198 595 1264; x_wconf 73' lang='grc' dir='ltr'><em>τοῦ</em></span> <span class='ocrx_word' id='word_1_62' title='bbox 617 1192 756 1284; x_wconf 82' lang='grc' dir='ltr'><em>χρόνου,</em></span> <span class='ocrx_word' id='word_1_63' title='bbox 781 1198 856 1264; x_wconf 86' lang='grc' dir='ltr'><em>έπεί</em></span> <span class='ocrx_word' id='word_1_64' title='bbox 875 1221 909 1263; x_wconf 89' lang='grc' dir='ltr'><strong>τε</strong></span> <span class='ocrx_word' id='word_1_65' title='bbox 935 1197 967 1277; x_wconf 78' lang='grc' dir='ltr'><strong>ἐξ</strong></span> <span class='ocrx_word' id='word_1_66' title='bbox 988 1189 1176 1281; x_wconf 71' lang='grc' dir='ltr'><strong>Ἀθηνέων,</strong></span> <span class='ocrx_word' id='word_1_67' title='bbox 1200 1216 1302 1283; x_wconf 86' lang='grc' dir='ltr'><em>προσ·</em></span> 
     </span>
     <span class='ocr_line' id='line_1_9' title="bbox 158 1292 867 1387; baseline 0.001 -22"><span class='ocrx_word' id='word_1_68' title='bbox 158 1304 298 1377; x_wconf 83' lang='grc' dir='ltr'><strong>πταίσας</strong></span> <span class='ocrx_word' id='word_1_69' title='bbox 316 1300 358 1386; x_wconf 76' lang='grc' dir='ltr'><strong><em>τῇ</em></strong></span> <span class='ocrx_word' id='word_1_70' title='bbox 374 1304 559 1387; x_wconf 80' lang='grc' dir='ltr'><em>ναυμαχίη,</em></span> <span class='ocrx_word' id='word_1_71' title='bbox 582 1293 702 1385; x_wconf 72' lang='grc' dir='ltr'><em>φυγάν</em></span> <span class='ocrx_word' id='word_1_72' title='bbox 719 1292 867 1367; x_wconf 86' lang='grc' dir='ltr'><em>άπίκετο.</em></span> 
     </span>
    </p>

    <p class='ocr_par' dir='ltr' id='par_1_4' title="bbox 91 1393 1411 1691">
     <span class='ocr_line' id='line_1_10' title="bbox 91 1393 1302 1488; baseline -0.002 -20"><span class='ocrx_word' id='word_1_73' title='bbox 91 1408 151 1470; x_wconf 85' lang='grc'><strong>108</strong></span> <span class='ocrx_word' id='word_1_74' title='bbox 241 1396 322 1467; x_wconf 86' lang='grc' dir='ltr'><strong><em>Τότε</em></strong></span> <span class='ocrx_word' id='word_1_75' title='bbox 341 1398 378 1467; x_wconf 73' lang='grc' dir='ltr'><strong>δὲ</strong></span> <span class='ocrx_word' id='word_1_76' title='bbox 397 1401 432 1468; x_wconf 75' lang='grc' dir='ltr'><strong>έν</strong></span> <span class='ocrx_word' id='word_1_77' title='bbox 450 1401 525 1488; x_wconf 79' lang='grc' dir='ltr'><em>τῇσι</em></span> <span class='ocrx_word' id='word_1_78' title='bbox 542 1395 686 1486; x_wconf 78' lang='grc' dir='ltr'><em>Σάρδισι</em></span> <span class='ocrx_word' id='word_1_79' title='bbox 705 1394 769 1467; x_wconf 78' lang='grc' dir='ltr'><em>έιόν</em></span> <span class='ocrx_word' id='word_1_80' title='bbox 787 1395 851 1488; x_wconf 79' lang='grc' dir='ltr'><strong>ἄρα</strong></span> <span class='ocrx_word' id='word_1_81' title='bbox 873 1393 938 1487; x_wconf 75' lang='grc' dir='ltr'><strong>ἤρα</strong></span> <span class='ocrx_word' id='word_1_82' title='bbox 960 1400 1018 1485; x_wconf 77' lang='grc' dir='ltr'><strong><em>τῆς</em></strong></span> <span class='ocrx_word' id='word_1_83' title='bbox 1036 1404 1219 1467; x_wconf 81' lang='grc' dir='ltr'><strong><em>Μασίστεω</em></strong></span> <span class='ocrx_word' id='word_1_84' title='bbox 1242 1425 1302 1485; x_wconf 68' lang='grc' dir='ltr'><strong>γιν</strong></span> 
     </span>
     <span class='ocr_line' id='line_1_11' title="bbox 158 1493 1411 1587; baseline 0.002 -19"><span class='ocrx_word' id='word_1_85' title='bbox 158 1496 286 1586; x_wconf 78' lang='grc' dir='ltr'><em>ναικὸς,</em></span> <span class='ocrx_word' id='word_1_86' title='bbox 316 1497 433 1587; x_wconf 78' lang='grc' dir='ltr'><em>ἐούσης</em></span> <span class='ocrx_word' id='word_1_87' title='bbox 456 1501 511 1568; x_wconf 80' lang='grc' dir='ltr'><em>καὶ</em></span> <span class='ocrx_word' id='word_1_88' title='bbox 535 1496 657 1587; x_wconf 81' lang='grc' dir='ltr'><strong><em>ταύτης</em></strong></span> <span class='ocrx_word' id='word_1_89' title='bbox 681 1501 838 1569; x_wconf 75' lang='grc' dir='ltr'><em>ἐνθαῦτα.</em></span> <span class='ocrx_word' id='word_1_90' title='bbox 867 1493 912 1579; x_wconf 79' lang='grc' dir='ltr'><em>τός</em></span> <span class='ocrx_word' id='word_1_91' title='bbox 936 1501 977 1567; x_wconf 75' lang='grc' dir='ltr'><strong>δέ</strong></span> <span class='ocrx_word' id='word_1_92' title='bbox 995 1503 1030 1568; x_wconf 90' lang='grc' dir='ltr'><strong>οί</strong></span> <span class='ocrx_word' id='word_1_93' title='bbox 1052 1500 1302 1587; x_wconf 81' lang='grc' dir='ltr'><em>προσπέμποντι</em></span> <span class='ocrx_word' id='word_1_94' title='bbox 1409 1546 1411 1571; x_wconf 59' lang='grc' dir='ltr'><em>ι</em></span> 
     </span>
     <span class='ocr_line' id='line_1_12' title="bbox 157 1596 1302 1691; baseline 0 -22"><span class='ocrx_word' id='word_1_95' title='bbox 157 1596 220 1671; x_wconf 80' lang='grc' dir='ltr'><strong>οὐκ</strong></span> <span class='ocrx_word' id='word_1_96' title='bbox 238 1598 379 1671; x_wconf 80' lang='grc' dir='ltr'><em>ἐδύνατο</em></span> <span class='ocrx_word' id='word_1_97' title='bbox 397 1603 677 1691; x_wconf 79' lang='grc' dir='ltr'><em>κατεργασθῆναι,</em></span> <span class='ocrx_word' id='word_1_98' title='bbox 695 1597 775 1670; x_wconf 73' lang='grc' dir='ltr'><strong>οὐδὲ</strong></span> <span class='ocrx_word' id='word_1_99' title='bbox 793 1607 872 1689; x_wconf 80' lang='grc' dir='ltr'><strong><em>βίην</em></strong></span> <span class='ocrx_word' id='word_1_100' title='bbox 890 1602 1093 1691; x_wconf 80' lang='grc' dir='ltr'><em>προσέφερε,</em></span> <span class='ocrx_word' id='word_1_101' title='bbox 1112 1597 1302 1690; x_wconf 75' lang='grc' dir='ltr'><em>προμηθεό</em></span> 
     </span>
    </p>
   </div>
   <div class='ocr_carea' id='block_1_4' title="bbox 113 1791 1309 4435">
    <p class='ocr_par' dir='ltr' id='par_1_5' title="bbox 113 1791 1309 4435">
     <span class='ocr_line' id='line_1_13' title="bbox 191 1791 1301 1864; baseline -0.002 -16"><span class='ocrx_word' id='word_1_102' title='bbox 191 1792 222 1848; x_wconf 79' lang='lat' dir='ltr'><strong>ol</strong></span> <span class='ocrx_word' id='word_1_103' title='bbox 233 1791 392 1864; x_wconf 70' lang='grc' dir='ltr'><em>δορυφόροι</em></span> <span class='ocrx_word' id='word_1_104' title='bbox 405 1793 435 1849; x_wconf 77' lang='lat' dir='ltr'><strong>oi</strong></span> <span class='ocrx_word' id='word_1_105' title='bbox 445 1796 607 1864; x_wconf 84' lang='grc' dir='ltr'><em>Μασίστεω]</em></span> <span class='ocrx_word' id='word_1_106' title='bbox 627 1799 702 1848; x_wconf 76' lang='lat' dir='ltr'><strong>Alte·</strong></span> <span class='ocrx_word' id='word_1_107' title='bbox 755 1815 828 1864; x_wconf 84' lang='lat' dir='ltr'><strong>quom</strong></span> <span class='ocrx_word' id='word_1_108' title='bbox 840 1794 981 1848; x_wconf 73' lang='lat' dir='ltr'>Salamine</span> <span class='ocrx_word' id='word_1_109' title='bbox 998 1796 1147 1863; x_wconf 83' lang='lat' dir='ltr'><strong>occeperat)</strong></span> <span class='ocrx_word' id='word_1_110' title='bbox 1167 1798 1241 1849; x_wconf 80' lang='lat' dir='ltr'><strong>conf.</strong></span> <span class='ocrx_word' id='word_1_111' title='bbox 1260 1797 1301 1847; x_wconf 83' lang='lat' dir='ltr'><strong>al·</strong></span> 
     </span>
     <span class='ocr_line' id='line_1_14' title="bbox 159 1861 993 1932; baseline -0.001 -16"><span class='ocrx_word' id='word_1_112' title='bbox 159 1882 217 1916; x_wconf 87' lang='lat' dir='ltr'><strong>rum</strong></span> <span class='ocrx_word' id='word_1_113' title='bbox 235 1861 264 1917; x_wconf 89' lang='grc' dir='ltr'><strong>οί</strong></span> <span class='ocrx_word' id='word_1_114' title='bbox 274 1867 445 1917; x_wconf 79' lang='lat' dir='ltr'><strong>sustulerunt</strong></span> <span class='ocrx_word' id='word_1_115' title='bbox 458 1866 703 1932; x_wconf 78' lang='lat' dir='ltr'><strong>Schweighaeuser</strong></span> <span class='ocrx_word' id='word_1_116' title='bbox 753 1865 814 1917; x_wconf 86' lang='lat' dir='ltr'><strong>lata</strong></span> <span class='ocrx_word' id='word_1_117' title='bbox 826 1867 861 1916; x_wconf 86' lang='lat' dir='ltr'><strong>ad</strong></span> <span class='ocrx_word' id='word_1_118' title='bbox 873 1867 921 1930; x_wconf 86' lang='lat' dir='ltr'><strong>lX,</strong></span> <span class='ocrx_word' id='word_1_119' title='bbox 937 1864 993 1916; x_wconf 85' lang='lat'>101.</span> 
     </span>
     <span class='ocr_line' id='line_1_15' title="bbox 159 1933 701 1995; baseline -0.002 -12"><span class='ocrx_word' id='word_1_120' title='bbox 159 1939 188 1983; x_wconf 84' lang='lat' dir='ltr'><strong>et</strong></span> <span class='ocrx_word' id='word_1_121' title='bbox 200 1934 306 1995; x_wconf 62' lang='lat' dir='ltr'><strong>Gaias„</strong></span> <span class='ocrx_word' id='word_1_122' title='bbox 327 1950 387 1984; x_wconf 87' lang='lat' dir='ltr'><strong>cnm</strong></span> <span class='ocrx_word' id='word_1_123' title='bbox 402 1934 522 1985; x_wconf 86' lang='lat' dir='ltr'><strong>additum</strong></span> <span class='ocrx_word' id='word_1_124' title='bbox 536 1934 604 1983; x_wconf 89' lang='lat' dir='ltr'><strong>illud</strong></span> <span class='ocrx_word' id='word_1_125' title='bbox 616 1935 653 1983; x_wconf 84' lang='lat' dir='ltr'><strong>ait</strong></span> <span class='ocrx_word' id='word_1_126' title='bbox 666 1933 701 1982; x_wconf 89' lang='lat' dir='ltr'><strong>ab</strong></span> 
     </span>
     <span class='ocr_line' id='line_1_16' title="bbox 155 2000 1120 2134; baseline 0.001 -16"><span class='ocrx_word' id='word_1_127' title='bbox 155 2000 702 2134; x_wconf 59' lang='lat' dir='ltr'><strong>{a0q⁰i0llllllfflpbl⁰0²l³⁸bull·</strong></span> <span class='ocrx_word' id='word_1_128' title='bbox 935 2034 1001 2085; x_wconf 59' lang='grc' dir='ltr'><strong>ὒν·</strong></span> <span class='ocrx_word' id='word_1_129' title='bbox 1021 2033 1120 2085; x_wconf 81' lang='lat' dir='ltr'><strong>cvm.</strong></span> 
     </span>
     <span class='ocr_line' id='line_1_17' title="bbox 158 2106 1299 2202; baseline 0.002 -17"><span class='ocrx_word' id='word_1_130' title='bbox 158 2139 198 2185; x_wconf 84' lang='lat' dir='ltr'><strong>ita</strong></span> <span class='ocrx_word' id='word_1_131' title='bbox 214 2141 245 2185; x_wconf 84' lang='lat' dir='ltr'><strong>ut</strong></span> <span class='ocrx_word' id='word_1_132' title='bbox 263 2137 298 2186; x_wconf 89' lang='lat' dir='ltr'><strong>ad</strong></span> <span class='ocrx_word' id='word_1_133' title='bbox 315 2137 429 2187; x_wconf 86' lang='lat' dir='ltr'><strong>verbum</strong></span> <span class='ocrx_word' id='word_1_134' title='bbox 441 2131 622 2201; x_wconf 85' lang='grc' dir='ltr'><em>παρέστησαν</em></span> <span class='ocrx_word' id='word_1_135' title='bbox 638 2106 702 2201; x_wconf 60' lang='lat' dir='ltr'><strong>aup1</strong></span> <span class='ocrx_word' id='word_1_136' title='bbox 790 2128 863 2187; x_wconf 86' lang='grc' dir='ltr'><em>Τότε</em></span> <span class='ocrx_word' id='word_1_137' title='bbox 872 2127 1004 2186; x_wconf 70' lang='lat' dir='ltr'><strong>‹ll—lov</strong></span> <span class='ocrx_word' id='word_1_138' title='bbox 1015 2124 1083 2202; x_wconf 77' lang='grc' dir='ltr'><em>ἄρα]</em></span> <span class='ocrx_word' id='word_1_139' title='bbox 1096 2136 1232 2186; x_wconf 78' lang='lat' dir='ltr'><strong>Voculam</strong></span> <span class='ocrx_word' id='word_1_140' title='bbox 1242 2125 1299 2202; x_wconf 72' lang='grc' dir='ltr'><strong>ἄρα</strong></span> 
     </span>
     <span class='ocr_line' id='line_1_18' title="bbox 157 2195 1298 2269; baseline 0.001 -17"><span class='ocrx_word' id='word_1_141' title='bbox 157 2203 284 2269; x_wconf 85' lang='lat' dir='ltr'><strong>piendum</strong></span> <span class='ocrx_word' id='word_1_142' title='bbox 303 2205 340 2255; x_wconf 84' lang='lat' dir='ltr'><strong>eit</strong></span> <span class='ocrx_word' id='word_1_143' title='bbox 357 2195 449 2254; x_wconf 69' lang='grc' dir='ltr'><em>αὐτοῦ</em></span> <span class='ocrx_word' id='word_1_144' title='bbox 464 2204 525 2254; x_wconf 81' lang='lat' dir='ltr'><strong>coil.</strong></span> <span class='ocrx_word' id='word_1_145' title='bbox 539 2202 699 2263; x_wconf 87' lang='grc' dir='ltr'><em>Μασίστεω,</em></span> <span class='ocrx_word' id='word_1_146' title='bbox 752 2205 933 2269; x_wconf 81' lang='lat' dir='ltr'><strong>postpositam</strong></span> <span class='ocrx_word' id='word_1_147' title='bbox 949 2204 1032 2269; x_wconf 79' lang='lat' dir='ltr'><strong>attigi</strong></span> <span class='ocrx_word' id='word_1_148' title='bbox 1045 2204 1080 2253; x_wconf 86' lang='lat' dir='ltr'><strong>ad</strong></span> <span class='ocrx_word' id='word_1_149' title='bbox 1092 2204 1172 2261; x_wconf 90' lang='lat' dir='ltr'><strong>VIll,</strong></span> <span class='ocrx_word' id='word_1_150' title='bbox 1185 2202 1211 2254; x_wconf 83' lang='lat'><strong>8.</strong></span> <span class='ocrx_word' id='word_1_151' title='bbox 1234 2206 1298 2254; x_wconf 79' lang='lat' dir='ltr'><strong>Mox</strong></span> 
     </span>
     <span class='ocr_line' id='line_1_19' title="bbox 157 2261 1299 2337; baseline 0.001 -17"><span class='ocrx_word' id='word_1_152' title='bbox 157 2272 209 2321; x_wconf 90' lang='lat' dir='ltr'><strong>boc</strong></span> <span class='ocrx_word' id='word_1_153' title='bbox 231 2272 290 2322; x_wconf 84' lang='lat' dir='ltr'><strong>fere</strong></span> <span class='ocrx_word' id='word_1_154' title='bbox 313 2287 407 2322; x_wconf 80' lang='lat' dir='ltr'><strong>sensu:</strong></span> <span class='ocrx_word' id='word_1_155' title='bbox 432 2272 558 2322; x_wconf 79' lang='grc' dir='ltr'><em>Μαείιιαε</em></span> <span class='ocrx_word' id='word_1_156' title='bbox 578 2273 702 2321; x_wconf 70' lang='lat' dir='ltr'><strong>satellites</strong></span> <span class='ocrx_word' id='word_1_157' title='bbox 752 2272 882 2322; x_wconf 83' lang='lat' dir='ltr'><strong>revocavi</strong></span> <span class='ocrx_word' id='word_1_158' title='bbox 892 2261 958 2337; x_wconf 84' lang='grc' dir='ltr'><em>ἦρα,</em></span> <span class='ocrx_word' id='word_1_159' title='bbox 971 2271 1017 2321; x_wconf 88' lang='lat' dir='ltr'><strong>ubi</strong></span> <span class='ocrx_word' id='word_1_160' title='bbox 1027 2270 1204 2334; x_wconf 79' lang='lat' dir='ltr'><strong>Sobaeferua‚</strong></span> <span class='ocrx_word' id='word_1_161' title='bbox 1219 2287 1299 2337; x_wconf 86' lang='lat' dir='ltr'><strong>quem</strong></span> 
     </span>
     <span class='ocr_line' id='line_1_20' title="bbox 156 2338 1297 2405; baseline 0 -17"><span class='ocrx_word' id='word_1_162' title='bbox 156 2345 236 2403; x_wconf 74' lang='lat' dir='ltr'><strong>ipsum</strong></span> <span class='ocrx_word' id='word_1_163' title='bbox 255 2339 439 2405; x_wconf 73' lang='lat' dir='ltr'><strong>proteqebaae,</strong></span> <span class='ocrx_word' id='word_1_164' title='bbox 463 2347 523 2390; x_wconf 82' lang='lat' dir='ltr'><strong>aute</strong></span> <span class='ocrx_word' id='word_1_165' title='bbox 540 2343 619 2404; x_wconf 74' lang='lat' dir='ltr'><strong>ipsum</strong></span> <span class='ocrx_word' id='word_1_166' title='bbox 640 2338 700 2389; x_wconf 83' lang='lat' dir='ltr'><strong>scil.</strong></span> <span class='ocrx_word' id='word_1_167' title='bbox 751 2339 897 2389; x_wconf 82' lang='lat' dir='ltr'><strong>Bekkerue</strong></span> <span class='ocrx_word' id='word_1_168' title='bbox 909 2340 1045 2403; x_wconf 80' lang='lat' dir='ltr'><strong>sequitur,</strong></span> <span class='ocrx_word' id='word_1_169' title='bbox 1064 2355 1080 2389; x_wconf 89' lang='lat' dir='ltr'><strong>e</strong></span> <span class='ocrx_word' id='word_1_170' title='bbox 1096 2339 1203 2390; x_wconf 85' lang='lat' dir='ltr'><strong>‹luobue</strong></span> <span class='ocrx_word' id='word_1_171' title='bbox 1218 2339 1297 2389; x_wconf 80' lang='lat' dir='ltr'><strong>codd.</strong></span> 
     </span>
     <span class='ocr_line' id='line_1_21' title="bbox 156 2400 1300 2472; baseline 0 -15"><span class='ocrx_word' id='word_1_172' title='bbox 156 2410 281 2457; x_wconf 78' lang='lat' dir='ltr'><strong>collocati.</strong></span> <span class='ocrx_word' id='word_1_173' title='bbox 299 2408 322 2457; x_wconf 90' lang='lat' dir='ltr'>N</span> <span class='ocrx_word' id='word_1_174' title='bbox 326 2423 357 2457; x_wconf 87' lang='lat' dir='ltr'><strong>eo</strong></span> <span class='ocrx_word' id='word_1_175' title='bbox 368 2422 436 2458; x_wconf 86' lang='lat' dir='ltr'><strong>eane</strong></span> <span class='ocrx_word' id='word_1_176' title='bbox 447 2407 503 2457; x_wconf 89' lang='lat' dir='ltr'><strong>alia</strong></span> <span class='ocrx_word' id='word_1_177' title='bbox 513 2409 621 2457; x_wconf 82' lang='lat' dir='ltr'><strong>ratione</strong></span> <span class='ocrx_word' id='word_1_178' title='bbox 631 2407 707 2472; x_wconf 86' lang='lat' dir='ltr'><strong>equi·</strong></span> <span class='ocrx_word' id='word_1_179' title='bbox 753 2407 869 2457; x_wconf 85' lang='lat' dir='ltr'><strong>dederat</strong></span> <span class='ocrx_word' id='word_1_180' title='bbox 880 2400 945 2470; x_wconf 80' lang='grc' dir='ltr'><em>έρα,</em></span> <span class='ocrx_word' id='word_1_181' title='bbox 959 2407 1030 2472; x_wconf 85' lang='lat' dir='ltr'><strong>quod</strong></span> <span class='ocrx_word' id='word_1_182' title='bbox 1042 2409 1127 2457; x_wconf 81' lang='lat' dir='ltr'><strong>etiam</strong></span> <span class='ocrx_word' id='word_1_183' title='bbox 1139 2408 1214 2457; x_wconf 80' lang='lat' dir='ltr'><strong>infra</strong></span> <span class='ocrx_word' id='word_1_184' title='bbox 1223 2407 1300 2457; x_wconf 75' lang='lat' dir='ltr'><strong>dedit</strong></span> 
     </span>
     <span class='ocr_line' id='line_1_22' title="bbox 149 2473 1296 2540; baseline 0 -17"><span class='ocrx_word' id='word_1_185' title='bbox 149 2475 218 2525; x_wconf 89' lang='lat' dir='ltr'><strong>.dem</strong></span> <span class='ocrx_word' id='word_1_186' title='bbox 235 2475 308 2524; x_wconf 87' lang='lat' dir='ltr'><strong>huno</strong></span> <span class='ocrx_word' id='word_1_187' title='bbox 324 2475 415 2525; x_wconf 88' lang='lat' dir='ltr'><strong>locum</strong></span> <span class='ocrx_word' id='word_1_188' title='bbox 431 2475 559 2540; x_wconf 81' lang='lat' dir='ltr'><strong>intelligo</strong></span> <span class='ocrx_word' id='word_1_189' title='bbox 571 2491 623 2524; x_wconf 90' lang='lat' dir='ltr'><strong>nec</strong></span> <span class='ocrx_word' id='word_1_190' title='bbox 635 2488 701 2525; x_wconf 84' lang='lat' dir='ltr'><strong>vero</strong></span> <span class='ocrx_word' id='word_1_191' title='bbox 752 2473 905 2525; x_wconf 75' lang='lat' dir='ltr'><strong>Beklierua.</strong></span> <span class='ocrx_word' id='word_1_192' title='bbox 926 2473 981 2524; x_wconf 88' lang='lat' dir='ltr'><strong>Sed</strong></span> <span class='ocrx_word' id='word_1_193' title='bbox 991 2474 1117 2525; x_wconf 79' lang='lat' dir='ltr'><strong>Diodori.</strong></span> <span class='ocrx_word' id='word_1_194' title='bbox 1131 2480 1160 2524; x_wconf 85' lang='lat' dir='ltr'><strong>ot</strong></span> <span class='ocrx_word' id='word_1_195' title='bbox 1172 2475 1296 2525; x_wconf 79' lang='lat' dir='ltr'><strong>Dieteela</strong></span> 
     </span>
     <span class='ocr_line' id='line_1_23' title="bbox 113 2535 1298 2608; baseline 0 -18"><span class='ocrx_word' id='word_1_196' title='bbox 113 2540 127 2603; x_wconf 26' lang='grc' dir='ltr'>ἰ</span> <span class='ocrx_word' id='word_1_197' title='bbox 156 2541 237 2591; x_wconf 85' lang='lat' dir='ltr'><strong>video</strong></span> <span class='ocrx_word' id='word_1_198' title='bbox 253 2543 353 2592; x_wconf 79' lang='lat' dir='ltr'><strong>iustam</strong></span> <span class='ocrx_word' id='word_1_199' title='bbox 372 2558 497 2606; x_wconf 82' lang='lat' dir='ltr'><strong>caueam,</strong></span> <span class='ocrx_word' id='word_1_200' title='bbox 517 2558 565 2593; x_wconf 89' lang='lat' dir='ltr'><strong>cur</strong></span> <span class='ocrx_word' id='word_1_201' title='bbox 576 2542 701 2592; x_wconf 82' lang='lat' dir='ltr'><strong>voculam</strong></span> <span class='ocrx_word' id='word_1_202' title='bbox 752 2535 992 2605; x_wconf 67' lang='lat' dir='ltr'><strong>revocaruntaefoa</strong></span> <span class='ocrx_word' id='word_1_203' title='bbox 1005 2542 1076 2607; x_wconf 81' lang='lat' dir='ltr'><strong>quod</strong></span> <span class='ocrx_word' id='word_1_204' title='bbox 1085 2556 1168 2592; x_wconf 86' lang='lat' dir='ltr'><strong>unum</strong></span> <span class='ocrx_word' id='word_1_205' title='bbox 1179 2542 1298 2608; x_wconf 82' lang='lat' dir='ltr'><strong>biepoui</strong></span> 
     </span>
     <span class='ocr_line' id='line_1_24' title="bbox 156 2602 1297 2675; baseline 0 -16"><span class='ocrx_word' id='word_1_206' title='bbox 156 2602 198 2671; x_wconf 80' lang='lat' dir='ltr'><strong>oi,</strong></span> <span class='ocrx_word' id='word_1_207' title='bbox 212 2626 291 2675; x_wconf 89' lang='lat' dir='ltr'><strong>quam</strong></span> <span class='ocrx_word' id='word_1_208' title='bbox 304 2609 480 2660; x_wconf 74' lang='lat' dir='ltr'><strong>Placentinus</strong></span> <span class='ocrx_word' id='word_1_209' title='bbox 493 2626 553 2660; x_wconf 87' lang='lat' dir='ltr'><strong>cum</strong></span> <span class='ocrx_word' id='word_1_210' title='bbox 567 2610 630 2661; x_wconf 83' lang='lat' dir='ltr'><strong>aliie</strong></span> <span class='ocrx_word' id='word_1_211' title='bbox 643 2618 701 2659; x_wconf 79' lang='lat' dir='ltr'><strong>tue·</strong></span> <span class='ocrx_word' id='word_1_212' title='bbox 752 2624 833 2674; x_wconf 81' lang='lat' dir='ltr'><strong>paese</strong></span> <span class='ocrx_word' id='word_1_213' title='bbox 846 2610 942 2660; x_wconf 79' lang='lat' dir='ltr'><strong>docuit</strong></span> <span class='ocrx_word' id='word_1_214' title='bbox 952 2610 1069 2659; x_wconf 73' lang='lat' dir='ltr'><strong>Bredov,</strong></span> <span class='ocrx_word' id='word_1_215' title='bbox 1082 2625 1148 2675; x_wconf 76' lang='lat' dir='ltr'><strong>pag.</strong></span> <span class='ocrx_word' id='word_1_216' title='bbox 1160 2608 1219 2661; x_wconf 79' lang='lat'>300.</span> <span class='ocrx_word' id='word_1_217' title='bbox 1245 2611 1297 2659; x_wconf 83' lang='lat' dir='ltr'><strong>l&#39;a·</strong></span> 
     </span>
     <span class='ocr_line' id='line_1_25' title="bbox 156 2676 1297 2743; baseline 0.002 -18"><span class='ocrx_word' id='word_1_218' title='bbox 156 2683 213 2738; x_wconf 80' lang='lat' dir='ltr'><strong>tur,</strong></span> <span class='ocrx_word' id='word_1_219' title='bbox 233 2677 357 2740; x_wconf 82' lang='lat' dir='ltr'><strong>deleam,</strong></span> <span class='ocrx_word' id='word_1_220' title='bbox 374 2679 537 2743; x_wconf 83' lang='lat' dir='ltr'><strong>praesertim</strong></span> <span class='ocrx_word' id='word_1_221' title='bbox 551 2694 611 2727; x_wconf 92' lang='lat' dir='ltr'><strong>cum</strong></span> <span class='ocrx_word' id='word_1_222' title='bbox 624 2683 700 2727; x_wconf 85' lang='lat' dir='ltr'><strong>ente·</strong></span> <span class='ocrx_word' id='word_1_223' title='bbox 752 2676 791 2726; x_wconf 87' lang='lat' dir='ltr'><strong>let</strong></span> <span class='ocrx_word' id='word_1_224' title='bbox 808 2683 914 2727; x_wconf 83' lang='lat' dir='ltr'><strong>autem:</strong></span> <span class='ocrx_word' id='word_1_225' title='bbox 938 2678 1048 2741; x_wconf 82' lang='lat' dir='ltr'><strong>deperiit</strong></span> <span class='ocrx_word' id='word_1_226' title='bbox 1065 2692 1087 2727; x_wconf 81' lang='lat' dir='ltr'><strong>e.</strong></span> <span class='ocrx_word' id='word_1_227' title='bbox 1106 2694 1193 2727; x_wconf 72' lang='lat' dir='ltr'><strong>onore</strong></span> <span class='ocrx_word' id='word_1_228' title='bbox 1207 2686 1297 2742; x_wconf 70' lang='lat' dir='ltr'><strong>copem</strong></span> 
     </span>
     <span class='ocr_line' id='line_1_26' title="bbox 157 2743 1296 2810; baseline 0.002 -17"><span class='ocrx_word' id='word_1_229' title='bbox 157 2746 273 2794; x_wconf 84' lang='lat' dir='ltr'><strong>cedente</strong></span> <span class='ocrx_word' id='word_1_230' title='bbox 292 2744 403 2809; x_wconf 77' lang='lat' dir='ltr'><strong>syllaba</strong></span> <span class='ocrx_word' id='word_1_231' title='bbox 419 2759 446 2793; x_wconf 93' lang='grc' dir='ltr'><strong>οι</strong></span> <span class='ocrx_word' id='word_1_232' title='bbox 460 2745 544 2795; x_wconf 88' lang='lat' dir='ltr'><strong>facilc</strong></span> <span class='ocrx_word' id='word_1_233' title='bbox 558 2745 702 2795; x_wconf 72' lang='lat' dir='ltr'><strong>absorberi</strong></span> <span class='ocrx_word' id='word_1_234' title='bbox 751 2751 799 2794; x_wconf 77' lang='lat' dir='ltr'><strong>eet.</strong></span> <span class='ocrx_word' id='word_1_235' title='bbox 817 2772 850 2782; x_wconf 82' lang='lat'>—</span> <span class='ocrx_word' id='word_1_236' title='bbox 871 2746 915 2795; x_wconf 89' lang='lat' dir='ltr'><strong>De</strong></span> <span class='ocrx_word' id='word_1_237' title='bbox 936 2745 997 2810; x_wconf 81' lang='lat' dir='ltr'><strong>ipso</strong></span> <span class='ocrx_word' id='word_1_238' title='bbox 1013 2743 1066 2795; x_wconf 89' lang='lat' dir='ltr'><strong>hoc</strong></span> <span class='ocrx_word' id='word_1_239' title='bbox 1082 2745 1182 2795; x_wconf 73' lang='lat' dir='ltr'><strong>Xerxis</strong></span> <span class='ocrx_word' id='word_1_240' title='bbox 1206 2761 1296 2795; x_wconf 84' lang='lat' dir='ltr'><strong>amore</strong></span> 
     </span>
     <span class='ocr_line' id='line_1_27' title="bbox 155 2811 1296 2877; baseline 0.002 -16"><span class='ocrx_word' id='word_1_241' title='bbox 155 2814 285 2877; x_wconf 57' lang='lat' dir='ltr'><strong>potuerit,</strong></span> <span class='ocrx_word' id='word_1_242' title='bbox 325 2812 446 2875; x_wconf 85' lang='lat' dir='ltr'><strong>indeque</strong></span> <span class='ocrx_word' id='word_1_243' title='bbox 472 2827 533 2861; x_wconf 89' lang='lat' dir='ltr'><strong>cum</strong></span> <span class='ocrx_word' id='word_1_244' title='bbox 557 2813 700 2863; x_wconf 85' lang='lat' dir='ltr'><strong>Dietsohio</strong></span> <span class='ocrx_word' id='word_1_245' title='bbox 752 2812 825 2862; x_wconf 85' lang='lat' dir='ltr'><strong>conl.</strong></span> <span class='ocrx_word' id='word_1_246' title='bbox 839 2812 934 2861; x_wconf 78' lang='lat' dir='ltr'><strong>Tacta.</strong></span> <span class='ocrx_word' id='word_1_247' title='bbox 949 2811 1102 2875; x_wconf 60' lang='lat' dir='ltr'><strong>cuium</strong></span> <span class='ocrx_word' id='word_1_248' title='bbox 1119 2819 1148 2862; x_wconf 81' lang='lat' dir='ltr'><strong>et</strong></span> <span class='ocrx_word' id='word_1_249' title='bbox 1162 2813 1198 2863; x_wconf 90' lang='lat' dir='ltr'><strong>ad</strong></span> <span class='ocrx_word' id='word_1_250' title='bbox 1210 2814 1296 2877; x_wconf 72' lang='lat' dir='ltr'><strong>Lyco</strong></span> 
     </span>
     <span class='ocr_line' id='line_1_28' title="bbox 155 2871 1296 2946; baseline 0.003 -18"><span class='ocrx_word' id='word_1_251' title='bbox 155 2879 255 2928; x_wconf 82' lang='lat' dir='ltr'><strong>retinui</strong></span> <span class='ocrx_word' id='word_1_252' title='bbox 266 2871 429 2941; x_wconf 74' lang='lat' dir='ltr'><strong>alterumoa‘,</strong></span> <span class='ocrx_word' id='word_1_253' title='bbox 441 2879 663 2942; x_wconf 85' lang='lat' dir='ltr'><strong>quodBekkerua</strong></span> <span class='ocrx_word' id='word_1_254' title='bbox 673 2886 701 2929; x_wconf 83' lang='lat' dir='ltr'><strong>et</strong></span> <span class='ocrx_word' id='word_1_255' title='bbox 751 2880 845 2943; x_wconf 86' lang='lat' dir='ltr'><strong>phron.</strong></span> <span class='ocrx_word' id='word_1_256' title='bbox 859 2897 885 2946; x_wconf 83' lang='lat' dir='ltr'><strong>p.</strong></span> <span class='ocrx_word' id='word_1_257' title='bbox 901 2880 949 2930; x_wconf 80' lang='lat'><strong>142</strong></span> <span class='ocrx_word' id='word_1_258' title='bbox 967 2879 1025 2942; x_wconf 93' lang='lat' dir='ltr'><strong>(ubi</strong></span> <span class='ocrx_word' id='word_1_259' title='bbox 1039 2885 1134 2930; x_wconf 77' lang='lat' dir='ltr'><strong>tamon</strong></span> <span class='ocrx_word' id='word_1_260' title='bbox 1146 2880 1219 2931; x_wconf 90' lang='lat' dir='ltr'><strong>male</strong></span> <span class='ocrx_word' id='word_1_261' title='bbox 1233 2898 1296 2931; x_wconf 87' lang='lat' dir='ltr'><strong>coa·</strong></span> 
     </span>
     <span class='ocr_line' id='line_1_29' title="bbox 154 2945 1309 3011; baseline 0.003 -17"><span class='ocrx_word' id='word_1_262' title='bbox 154 2945 282 2995; x_wconf 79' lang='lat' dir='ltr'><strong>Diodori.</strong></span> <span class='ocrx_word' id='word_1_263' title='bbox 305 2946 597 3011; x_wconf 80' lang='lat' dir='ltr'><strong>Schweighaeuserum</strong></span> <span class='ocrx_word' id='word_1_264' title='bbox 611 2949 701 2996; x_wconf 82' lang='lat' dir='ltr'><strong>eeeuti</strong></span> <span class='ocrx_word' id='word_1_265' title='bbox 751 2947 841 2997; x_wconf 80' lang='lat' dir='ltr'><strong>fundit</strong></span> <span class='ocrx_word' id='word_1_266' title='bbox 861 2948 994 2997; x_wconf 66' lang='lat' dir='ltr'><strong>Macetum</strong></span> <span class='ocrx_word' id='word_1_267' title='bbox 1015 2951 1044 2998; x_wconf 86' lang='lat' dir='ltr'><strong>et</strong></span> <span class='ocrx_word' id='word_1_268' title='bbox 1063 2947 1210 3009; x_wconf 77' lang='lat' dir='ltr'><strong>Mosialea).</strong></span> <span class='ocrx_word' id='word_1_269' title='bbox 1240 2950 1309 2999; x_wconf 83' lang='lat' dir='ltr'><strong>Ma·-</strong></span> 
     </span>
     <span class='ocr_line' id='line_1_30' title="bbox 156 3013 1041 3078; baseline 0.006 -18"><span class='ocrx_word' id='word_1_270' title='bbox 156 3013 327 3062; x_wconf 84' lang='lat' dir='ltr'><strong>abieocrunt.</strong></span> <span class='ocrx_word' id='word_1_271' title='bbox 357 3014 390 3062; x_wconf 88' lang='lat' dir='ltr'><strong>In</strong></span> <span class='ocrx_word' id='word_1_272' title='bbox 408 3028 482 3078; x_wconf 85' lang='lat' dir='ltr'><strong>seqq.</strong></span> <span class='ocrx_word' id='word_1_273' title='bbox 501 3013 537 3063; x_wconf 88' lang='lat' dir='ltr'><strong>ad</strong></span> <span class='ocrx_word' id='word_1_274' title='bbox 555 3013 699 3063; x_wconf 81' lang='lat' dir='ltr'><strong>formulam</strong></span> <span class='ocrx_word' id='word_1_275' title='bbox 749 3017 814 3065; x_wconf 87' lang='lat' dir='ltr'><strong>xim.</strong></span> <span class='ocrx_word' id='word_1_276' title='bbox 828 3015 892 3078; x_wconf 82' lang='lat' dir='ltr'><strong>Tyr.</strong></span> <span class='ocrx_word' id='word_1_277' title='bbox 905 3016 1003 3076; x_wconf 77' lang='lat' dir='ltr'><strong>xxvi,</strong></span> <span class='ocrx_word' id='word_1_278' title='bbox 1017 3016 1041 3064; x_wconf 84' lang='lat'><strong>7.</strong></span> 
     </span>
     <span class='ocr_line' id='line_1_31' title="bbox 155 3073 1295 3149; baseline 0.005 -21"><span class='ocrx_word' id='word_1_279' title='bbox 155 3073 258 3144; x_wconf 76' lang='grc' dir='ltr'><em>χάριτα</em></span> <span class='ocrx_word' id='word_1_280' title='bbox 288 3079 380 3144; x_wconf 83' lang='lat' dir='ltr'><strong>(quam</strong></span> <span class='ocrx_word' id='word_1_281' title='bbox 405 3080 558 3130; x_wconf 84' lang='lat' dir='ltr'><strong>accusativi</strong></span> <span class='ocrx_word' id='word_1_282' title='bbox 584 3081 699 3131; x_wconf 86' lang='lat' dir='ltr'><strong>formam</strong></span> <span class='ocrx_word' id='word_1_283' title='bbox 784 3074 1295 3149; x_wconf 64' lang='grc' dir='ltr'><em>οἱςδέοί-κατεργασθῆναικ.τ.λ]</em></span> 
     </span>
     <span class='ocr_line' id='line_1_32' title="bbox 155 3148 1294 3216; baseline 0.005 -20"><span class='ocrx_word' id='word_1_284' title='bbox 155 3148 263 3196; x_wconf 79' lang='lat' dir='ltr'><strong>notavit</strong></span> <span class='ocrx_word' id='word_1_285' title='bbox 274 3161 378 3212; x_wconf 88' lang='lat' dir='ltr'><strong>quoque</strong></span> <span class='ocrx_word' id='word_1_286' title='bbox 391 3148 508 3199; x_wconf 87' lang='lat' dir='ltr'><strong>Bredov.</strong></span> <span class='ocrx_word' id='word_1_287' title='bbox 521 3164 547 3213; x_wconf 89' lang='lat' dir='ltr'><strong>p.</strong></span> <span class='ocrx_word' id='word_1_288' title='bbox 560 3148 624 3212; x_wconf 75' lang='lat'><strong>270,</strong></span> <span class='ocrx_word' id='word_1_289' title='bbox 639 3164 699 3199; x_wconf 88' lang='lat' dir='ltr'><strong>eam</strong></span> <span class='ocrx_word' id='word_1_290' title='bbox 751 3152 769 3200; x_wconf 90' lang='lat' dir='ltr'><strong>i.</strong></span> <span class='ocrx_word' id='word_1_291' title='bbox 783 3166 807 3200; x_wconf 86' lang='lat' dir='ltr'><strong>e.</strong></span> <span class='ocrx_word' id='word_1_292' title='bbox 821 3167 874 3200; x_wconf 82' lang='lat' dir='ltr'><strong>cam</strong></span> <span class='ocrx_word' id='word_1_293' title='bbox 890 3166 950 3201; x_wconf 82' lang='lat' dir='ltr'><strong>vero</strong></span> <span class='ocrx_word' id='word_1_294' title='bbox 967 3153 1012 3201; x_wconf 84' lang='lat' dir='ltr'><strong>illo</strong></span> <span class='ocrx_word' id='word_1_295' title='bbox 1028 3168 1077 3201; x_wconf 82' lang='lat' dir='ltr'><strong>aon</strong></span> <span class='ocrx_word' id='word_1_296' title='bbox 1091 3159 1182 3216; x_wconf 72' lang='lat' dir='ltr'><strong>posset</strong></span> <span class='ocrx_word' id='word_1_297' title='bbox 1194 3154 1294 3212; x_wconf 66' lang='lat' dir='ltr'><strong>added,</strong></span> 
     </span>
     <span class='ocr_line' id='line_1_33' title="bbox 155 3214 1294 3285; baseline 0.004 -22"><span class='ocrx_word' id='word_1_298' title='bbox 155 3214 220 3264; x_wconf 84' lang='lat' dir='ltr'><strong>aliis</strong></span> <span class='ocrx_word' id='word_1_299' title='bbox 236 3214 307 3264; x_wconf 81' lang='lat' dir='ltr'><strong>loeis</strong></span> <span class='ocrx_word' id='word_1_300' title='bbox 324 3214 397 3266; x_wconf 84' lang='lat' dir='ltr'><strong>haud</strong></span> <span class='ocrx_word' id='word_1_301' title='bbox 410 3217 507 3281; x_wconf 84' lang='lat' dir='ltr'><strong>paucio</strong></span> <span class='ocrx_word' id='word_1_302' title='bbox 520 3217 619 3266; x_wconf 75' lang='lat' dir='ltr'><strong>Noster</strong></span> <span class='ocrx_word' id='word_1_303' title='bbox 631 3218 699 3267; x_wconf 83' lang='lat' dir='ltr'><strong>scri·</strong></span> <span class='ocrx_word' id='word_1_304' title='bbox 749 3225 776 3266; x_wconf 82' lang='lat' dir='ltr'><strong>ut</strong></span> <span class='ocrx_word' id='word_1_305' title='bbox 804 3221 856 3283; x_wconf 75' lang='lat' dir='ltr'><strong>ipsi</strong></span> <span class='ocrx_word' id='word_1_306' title='bbox 877 3234 970 3269; x_wconf 83' lang='lat' dir='ltr'><strong>morem</strong></span> <span class='ocrx_word' id='word_1_307' title='bbox 992 3226 1109 3284; x_wconf 71' lang='grc' dir='ltr'><em>ρετινετ,</em></span> <span class='ocrx_word' id='word_1_308' title='bbox 1139 3236 1221 3285; x_wconf 81' lang='lat' dir='ltr'><strong>neque</strong></span> <span class='ocrx_word' id='word_1_309' title='bbox 1242 3222 1294 3283; x_wconf 76' lang='lat' dir='ltr'><strong>ipat</strong></span> 
     </span>
     <span class='ocr_line' id='line_1_34' title="bbox 155 3277 1294 3350; baseline 0.004 -19"><span class='ocrx_word' id='word_1_310' title='bbox 155 3282 204 3332; x_wconf 85' lang='lat' dir='ltr'><strong>bat</strong></span> <span class='ocrx_word' id='word_1_311' title='bbox 243 3277 321 3346; x_wconf 85' lang='grc' dir='ltr'><em>άριν)</em></span> <span class='ocrx_word' id='word_1_312' title='bbox 342 3282 483 3334; x_wconf 75' lang='grc' dir='ltr'><em>τίθεσθαι</em></span> <span class='ocrx_word' id='word_1_313' title='bbox 499 3283 555 3333; x_wconf 86' lang='lat' dir='ltr'><strong>vid.</strong></span> <span class='ocrx_word' id='word_1_314' title='bbox 574 3289 642 3335; x_wconf 85' lang='lat' dir='ltr'><strong>nott.</strong></span> <span class='ocrx_word' id='word_1_315' title='bbox 664 3284 699 3334; x_wconf 85' lang='lat' dir='ltr'><strong>ad</strong></span> <span class='ocrx_word' id='word_1_316' title='bbox 751 3285 856 3336; x_wconf 73' lang='lat' dir='ltr'><strong>Xerxes</strong></span> <span class='ocrx_word' id='word_1_317' title='bbox 877 3289 915 3336; x_wconf 77' lang='lat' dir='ltr'><strong>uti</strong></span> <span class='ocrx_word' id='word_1_318' title='bbox 939 3288 986 3336; x_wconf 81' lang='lat' dir='ltr'><strong>cim</strong></span> <span class='ocrx_word' id='word_1_319' title='bbox 1008 3288 1107 3350; x_wconf 76' lang='lat' dir='ltr'><strong>inferre</strong></span> <span class='ocrx_word' id='word_1_320' title='bbox 1128 3291 1212 3337; x_wconf 75' lang='lat' dir='ltr'><strong>uellet.</strong></span> <span class='ocrx_word' id='word_1_321' title='bbox 1255 3287 1294 3337; x_wconf 79' lang='lat' dir='ltr'><strong>Ad</strong></span> 
     </span>
     <span class='ocr_line' id='line_1_35' title="bbox 154 3341 1294 3420; baseline 0.005 -22"><span class='ocrx_word' id='word_1_322' title='bbox 154 3351 206 3409; x_wconf 85' lang='lat' dir='ltr'><strong>IX,</strong></span> <span class='ocrx_word' id='word_1_323' title='bbox 266 3357 294 3401; x_wconf 85' lang='lat' dir='ltr'><strong>et</strong></span> <span class='ocrx_word' id='word_1_324' title='bbox 307 3350 342 3401; x_wconf 85' lang='lat' dir='ltr'><strong>ad</strong></span> <span class='ocrx_word' id='word_1_325' title='bbox 355 3352 441 3402; x_wconf 86' lang='lat' dir='ltr'><strong>verba</strong></span> <span class='ocrx_word' id='word_1_326' title='bbox 457 3341 545 3402; x_wconf 71' lang='grc' dir='ltr'><em>οὐδὲν</em></span> <span class='ocrx_word' id='word_1_327' title='bbox 558 3345 599 3402; x_wconf 77' lang='grc' dir='ltr'><em>ἔτι</em></span> <span class='ocrx_word' id='word_1_328' title='bbox 611 3348 700 3402; x_wconf 81' lang='grc' dir='ltr'><em>πλέον</em></span> <span class='ocrx_word' id='word_1_329' title='bbox 751 3345 872 3404; x_wconf 81' lang='grc' dir='ltr'><em>ίδάνατο</em></span> <span class='ocrx_word' id='word_1_330' title='bbox 890 3369 950 3403; x_wconf 92' lang='lat' dir='ltr'><strong>cum</strong></span> <span class='ocrx_word' id='word_1_331' title='bbox 968 3353 1123 3420; x_wconf 81' lang='lat' dir='ltr'><strong>Schweigh.</strong></span> <span class='ocrx_word' id='word_1_332' title='bbox 1140 3346 1294 3420; x_wconf 58' lang='lat' dir='ltr'><strong>intellignj</strong></span> 
     </span>
     <span class='ocr_line' id='line_1_36' title="bbox 155 3411 1293 3487; baseline 0.002 -19"><span class='ocrx_word' id='word_1_333' title='bbox 155 3411 268 3481; x_wconf 72' lang='grc' dir='ltr'><em>ἐγένετο</em></span> <span class='ocrx_word' id='word_1_334' title='bbox 293 3418 322 3481; x_wconf 89' lang='grc' dir='ltr'><strong>(ἰ.</strong></span> <span class='ocrx_word' id='word_1_335' title='bbox 340 3435 364 3469; x_wconf 85' lang='lat' dir='ltr'><strong>e.</strong></span> <span class='ocrx_word' id='word_1_336' title='bbox 383 3420 445 3470; x_wconf 76' lang='grc' dir='ltr'><strong><em>ιιίΙιίί</em></strong></span> <span class='ocrx_word' id='word_1_337' title='bbox 466 3421 572 3484; x_wconf 76' lang='lat' dir='ltr'><strong>oaipliue</strong></span> <span class='ocrx_word' id='word_1_338' title='bbox 595 3421 699 3483; x_wconf 79' lang='grc' dir='ltr'><em>αοιίσίι)</em></span> <span class='ocrx_word' id='word_1_339' title='bbox 751 3414 833 3486; x_wconf 83' lang='grc' dir='ltr'><em>γονή.</em></span> <span class='ocrx_word' id='word_1_340' title='bbox 867 3422 909 3472; x_wconf 85' lang='lat' dir='ltr'><strong>Ad</strong></span> <span class='ocrx_word' id='word_1_341' title='bbox 930 3422 1045 3472; x_wconf 84' lang='lat' dir='ltr'><strong>verbum</strong></span> <span class='ocrx_word' id='word_1_342' title='bbox 1065 3418 1293 3487; x_wconf 72' lang='grc' dir='ltr'><em>κατεργάζεσθαι</em></span> 
     </span>
     <span class='ocr_line' id='line_1_37' title="bbox 153 3482 1293 3571; baseline 0.004 -36"><span class='ocrx_word' id='word_1_343' title='bbox 153 3486 227 3536; x_wconf 83' lang='lat' dir='ltr'><strong>conl.</strong></span> <span class='ocrx_word' id='word_1_344' title='bbox 242 3487 288 3548; x_wconf 89' lang='lat' dir='ltr'><strong>VI,</strong></span> <span class='ocrx_word' id='word_1_345' title='bbox 302 3487 335 3536; x_wconf 79' lang='lat'><strong>42</strong></span> <span class='ocrx_word' id='word_1_346' title='bbox 348 3488 441 3553; x_wconf 87' lang='lat' dir='ltr'><strong>ibique</strong></span> <span class='ocrx_word' id='word_1_347' title='bbox 453 3492 521 3537; x_wconf 84' lang='lat' dir='ltr'><strong>nott.</strong></span> <span class='ocrx_word' id='word_1_348' title='bbox 534 3488 583 3550; x_wconf 85' lang='lat' dir='ltr'><strong>1x‚</strong></span> <span class='ocrx_word' id='word_1_349' title='bbox 597 3488 638 3538; x_wconf 77' lang='lat'><strong>41.</strong></span> <span class='ocrx_word' id='word_1_350' title='bbox 751 3488 788 3537; x_wconf 83' lang='lat' dir='ltr'><strong>ol.</strong></span> <span class='ocrx_word' id='word_1_351' title='bbox 807 3488 873 3553; x_wconf 87' lang='lat' dir='ltr'>VII,</span> <span class='ocrx_word' id='word_1_352' title='bbox 891 3487 909 3538; x_wconf 85' lang='lat' dir='ltr'><strong>ll</strong></span> <span class='ocrx_word' id='word_1_353' title='bbox 924 3489 985 3539; x_wconf 58' lang='lat' dir='ltr'><strong>init,</strong></span> <span class='ocrx_word' id='word_1_354' title='bbox 1004 3482 1034 3540; x_wconf 80' lang='lat' dir='ltr'><strong>oi</strong></span> <span class='ocrx_word' id='word_1_355' title='bbox 1049 3489 1085 3540; x_wconf 87' lang='lat' dir='ltr'><strong>ad</strong></span> <span class='ocrx_word' id='word_1_356' title='bbox 1097 3490 1217 3540; x_wconf 82' lang='lat' dir='ltr'><strong>Xerxem</strong></span> <span class='ocrx_word' id='word_1_357' title='bbox 1235 3506 1293 3571; x_wconf 72' lang='lat' dir='ltr'><strong>eqe-</strong></span> 
     </span>
     <span class='ocr_line' id='line_1_38' title="bbox 751 3557 1291 3622; baseline 0.006 -17"><span class='ocrx_word' id='word_1_358' title='bbox 751 3560 822 3618; x_wconf 79' lang='lat' dir='ltr'><strong>ctat,</strong></span> <span class='ocrx_word' id='word_1_359' title='bbox 846 3571 899 3621; x_wconf 91' lang='lat' dir='ltr'><strong>quo</strong></span> <span class='ocrx_word' id='word_1_360' title='bbox 917 3557 1011 3607; x_wconf 87' lang='lat' dir='ltr'><strong>eodem</strong></span> <span class='ocrx_word' id='word_1_361' title='bbox 1031 3558 1152 3607; x_wconf 86' lang='lat' dir='ltr'><strong>refertur</strong></span> <span class='ocrx_word' id='word_1_362' title='bbox 1168 3572 1291 3622; x_wconf 75' lang='grc' dir='ltr'><em>προιεμ·</em></span> 
     </span>
     <span class='ocr_line' id='line_1_39' title="bbox 750 3624 1292 3690; baseline 0.004 -18"><span class='ocrx_word' id='word_1_363' title='bbox 750 3638 842 3686; x_wconf 84' lang='grc' dir='ltr'><em>παντι,</em></span> <span class='ocrx_word' id='word_1_364' title='bbox 855 3625 970 3685; x_wconf 70' lang='lat' dir='ltr'><strong>auctorati,</strong></span> <span class='ocrx_word' id='word_1_365' title='bbox 984 3624 1044 3675; x_wconf 84' lang='lat' dir='ltr'><strong>scil.</strong></span> <span class='ocrx_word' id='word_1_366' title='bbox 1059 3640 1119 3687; x_wconf 86' lang='lat' dir='ltr'><strong>eos,</strong></span> <span class='ocrx_word' id='word_1_367' title='bbox 1135 3627 1183 3690; x_wconf 90' lang='lat' dir='ltr'><strong>qui</strong></span> <span class='ocrx_word' id='word_1_368' title='bbox 1200 3626 1292 3675; x_wconf 86' lang='lat' dir='ltr'><strong>mulie·</strong></span> 
     </span>
     <span class='ocr_line' id='line_1_40' title="bbox 749 3691 1292 3756; baseline 0.004 -16"><span class='ocrx_word' id='word_1_369' title='bbox 749 3706 806 3740; x_wconf 88' lang='lat' dir='ltr'><strong>rem</strong></span> <span class='ocrx_word' id='word_1_370' title='bbox 819 3692 916 3756; x_wconf 84' lang='lat' dir='ltr'><strong>quovis</strong></span> <span class='ocrx_word' id='word_1_371' title='bbox 930 3693 1008 3742; x_wconf 86' lang='lat' dir='ltr'><strong>modo</strong></span> <span class='ocrx_word' id='word_1_372' title='bbox 1022 3691 1210 3744; x_wconf 71' lang='lat' dir='ltr'><strong>sollicitarent</strong></span> <span class='ocrx_word' id='word_1_373' title='bbox 1222 3709 1292 3743; x_wconf 80' lang='lat' dir='ltr'><strong>eam-</strong></span> 
     </span>
     <span class='ocr_line' id='line_1_41' title="bbox 750 3759 1289 3875; baseline 0 -68"><span class='ocrx_word' id='word_1_374' title='bbox 750 3774 802 3823; x_wconf 92' lang='lat' dir='ltr'><strong>que</strong></span> <span class='ocrx_word' id='word_1_375' title='bbox 824 3759 1021 3875; x_wconf 65' lang='grc' dir='ltr'><em>ρεεάοοετεοι,</em></span> <span class='ocrx_word' id='word_1_376' title='bbox 1051 3766 1081 3809; x_wconf 79' lang='lat' dir='ltr'><strong>ut</strong></span> <span class='ocrx_word' id='word_1_377' title='bbox 1105 3762 1165 3826; x_wconf 75' lang='lat' dir='ltr'><strong>regi</strong></span> <span class='ocrx_word' id='word_1_378' title='bbox 1189 3760 1289 3811; x_wconf 77' lang='lat' dir='ltr'><strong>amanti</strong></span> 
     </span>
     <span class='ocr_line' id='line_1_42' title="bbox 748 3828 1288 3891; baseline 0.002 -16"><span class='ocrx_word' id='word_1_379' title='bbox 748 3828 821 3891; x_wconf 79' lang='lat' dir='ltr'><strong>grati</strong></span> <span class='ocrx_word' id='word_1_380' title='bbox 842 3832 959 3877; x_wconf 75' lang='lat' dir='ltr'><strong>caretur.</strong></span> <span class='ocrx_word' id='word_1_381' title='bbox 990 3828 1032 3877; x_wconf 88' lang='lat' dir='ltr'><strong>Tu</strong></span> <span class='ocrx_word' id='word_1_382' title='bbox 1044 3829 1117 3878; x_wconf 84' lang='lat' dir='ltr'><strong>conf.</strong></span> <span class='ocrx_word' id='word_1_383' title='bbox 1132 3828 1166 3878; x_wconf 90' lang='lat' dir='ltr'><strong>de</strong></span> <span class='ocrx_word' id='word_1_384' title='bbox 1178 3828 1232 3879; x_wconf 85' lang='lat' dir='ltr'><strong>bae</strong></span> <span class='ocrx_word' id='word_1_385' title='bbox 1244 3828 1288 3878; x_wconf 90' lang='lat' dir='ltr'><strong>ba-</strong></span> 
     </span>
     <span class='ocr_line' id='line_1_43' title="bbox 747 3894 1287 3960; baseline -0.002 -17"><span class='ocrx_word' id='word_1_386' title='bbox 747 3894 789 3943; x_wconf 83' lang='lat' dir='ltr'><strong>iae</strong></span> <span class='ocrx_word' id='word_1_387' title='bbox 813 3894 892 3944; x_wconf 86' lang='lat' dir='ltr'><strong>verbi</strong></span> <span class='ocrx_word' id='word_1_388' title='bbox 913 3894 1117 3960; x_wconf 81' lang='lat' dir='ltr'><strong>significatione</strong></span> <span class='ocrx_word' id='word_1_389' title='bbox 1138 3898 1196 3947; x_wconf 85' lang='lat' dir='ltr'><strong>inte</strong></span> <span class='ocrx_word' id='word_1_390' title='bbox 1230 3900 1287 3945; x_wconf 69' lang='lat' dir='ltr'><strong>rect.</strong></span> 
     </span>
     <span class='ocr_line' id='line_1_44' title="bbox 181 3961 1287 4034; baseline -0.001 -24"><span class='ocrx_word' id='word_1_391' title='bbox 181 4013 189 4034; x_wconf 63' lang='lat'><em>,</em></span> <span class='ocrx_word' id='word_1_392' title='bbox 747 3961 782 4011; x_wconf 85' lang='lat' dir='ltr'><strong>ad</strong></span> <span class='ocrx_word' id='word_1_393' title='bbox 795 3962 967 4028; x_wconf 83' lang='lat' dir='ltr'><strong>Xenopboat.</strong></span> <span class='ocrx_word' id='word_1_394' title='bbox 979 3962 1082 4029; x_wconf 81' lang='lat' dir='ltr'><strong>Ephea.</strong></span> <span class='ocrx_word' id='word_1_395' title='bbox 1095 3979 1160 4028; x_wconf 74' lang='lat' dir='ltr'><strong>pag.</strong></span> <span class='ocrx_word' id='word_1_396' title='bbox 1172 3965 1204 4013; x_wconf 79' lang='lat'><strong>21</strong></span> <span class='ocrx_word' id='word_1_397' title='bbox 1242 3961 1287 4011; x_wconf 76' lang='lat'><strong>217</strong></span> 
     </span>
     <span class='ocr_line' id='line_1_45' title="bbox 186 4016 1286 4102; baseline 0.006 -30"><span class='ocrx_word' id='word_1_398' title='bbox 186 4022 230 4073; x_wconf 87' lang='grc' dir='ltr'><strong>Εν</strong></span> <span class='ocrx_word' id='word_1_399' title='bbox 242 4016 275 4102; x_wconf 58' lang='grc' dir='ltr'><strong>δὲ</strong></span> <span class='ocrx_word' id='word_1_400' title='bbox 285 4022 347 4091; x_wconf 78' lang='grc' dir='ltr'><em>τῇσι</em></span> <span class='ocrx_word' id='word_1_401' title='bbox 358 4019 481 4089; x_wconf 82' lang='grc' dir='ltr'><em>Σάρδισι</em></span> <span class='ocrx_word' id='word_1_402' title='bbox 492 4017 628 4091; x_wconf 72' lang='grc' dir='ltr'><em>ἐτύγχανε</em></span> <span class='ocrx_word' id='word_1_403' title='bbox 642 4019 696 4078; x_wconf 68' lang='lat' dir='ltr'><strong>lav</strong></span> <span class='ocrx_word' id='word_1_404' title='bbox 746 4029 852 4081; x_wconf 88' lang='lat' dir='ltr'><strong>Locell.</strong></span> <span class='ocrx_word' id='word_1_405' title='bbox 882 4031 914 4080; x_wconf 91' lang='lat' dir='ltr'><strong>In</strong></span> <span class='ocrx_word' id='word_1_406' title='bbox 932 4031 1029 4081; x_wconf 89' lang='lat' dir='ltr'><strong>eadem</strong></span> <span class='ocrx_word' id='word_1_407' title='bbox 1047 4047 1076 4081; x_wconf 86' lang='lat' dir='ltr'><strong>re</strong></span> <span class='ocrx_word' id='word_1_408' title='bbox 1088 4032 1239 4097; x_wconf 81' lang='lat' dir='ltr'><strong>Xenophon</strong></span> <span class='ocrx_word' id='word_1_409' title='bbox 1249 4030 1286 4079; x_wconf 81' lang='lat' dir='ltr'><strong>ai·</strong></span> 
     </span>
     <span class='ocr_line' id='line_1_46' title="bbox 153 4089 1284 4163; baseline 0.008 -22"><span class='ocrx_word' id='word_1_410' title='bbox 153 4089 296 4157; x_wconf 80' lang='grc' dir='ltr'><em>βασιλενς]</em></span> <span class='ocrx_word' id='word_1_411' title='bbox 325 4094 470 4143; x_wconf 82' lang='lat' dir='ltr'><strong>Pertinent</strong></span> <span class='ocrx_word' id='word_1_412' title='bbox 494 4092 565 4144; x_wconf 87' lang='lat' dir='ltr'><strong>haec</strong></span> <span class='ocrx_word' id='word_1_413' title='bbox 591 4094 625 4144; x_wconf 85' lang='lat' dir='ltr'><strong>ad</strong></span> <span class='ocrx_word' id='word_1_414' title='bbox 651 4112 694 4157; x_wconf 86' lang='lat' dir='ltr'><strong>ea,</strong></span> <span class='ocrx_word' id='word_1_415' title='bbox 746 4097 787 4147; x_wconf 80' lang='lat' dir='ltr'><strong>xil</strong></span> <span class='ocrx_word' id='word_1_416' title='bbox 810 4100 1012 4163; x_wconf 78' lang='grc' dir='ltr'><em>προσενεγκεῖν</em></span> <span class='ocrx_word' id='word_1_417' title='bbox 1034 4089 1136 4163; x_wconf 73' lang='grc' dir='ltr'><em>λόγους</em></span> <span class='ocrx_word' id='word_1_418' title='bbox 1157 4101 1186 4149; x_wconf 89' lang='lat' dir='ltr'><strong>in</strong></span> <span class='ocrx_word' id='word_1_419' title='bbox 1207 4098 1284 4163; x_wconf 73' lang='lat' dir='ltr'><strong>cyro-</strong></span> 
     </span>
     <span class='ocr_line' id='line_1_47' title="bbox 153 4159 1286 4284; baseline 0.004 -7"><span class='ocrx_word' id='word_1_420' title='bbox 153 4159 493 4279; x_wconf 60' lang='lat' dir='ltr'><strong>lllllllllillell</strong></span> <span class='ocrx_word' id='word_1_421' title='bbox 509 4160 557 4210; x_wconf 87' lang='lat'><strong>¹¹⁷</strong></span> <span class='ocrx_word' id='word_1_422' title='bbox 575 4166 602 4211; x_wconf 65' lang='lat'><strong>‘³‘</strong></span> <span class='ocrx_word' id='word_1_423' title='bbox 619 4177 693 4280; x_wconf 66' lang='lat' dir='ltr'><strong>ll·</strong></span> <span class='ocrx_word' id='word_1_424' title='bbox 746 4165 826 4281; x_wconf 55' lang='lat' dir='ltr'><strong>llll</strong></span> <span class='ocrx_word' id='word_1_425' title='bbox 844 4165 896 4283; x_wconf 47' lang='lat' dir='ltr'><strong>ll</strong></span> <span class='ocrx_word' id='word_1_426' title='bbox 918 4163 1286 4284; x_wconf 58' lang='lat' dir='ltr'><strong>¹e³1¹a¹⁴l⁰³⁰l¹¹a²⁶²eff</strong></span> 
     </span>
     <span class='ocr_line' id='line_1_48' title="bbox 152 4244 1283 4372; baseline 0.003 -29"><span class='ocrx_word' id='word_1_427' title='bbox 152 4296 186 4372; x_wconf 71' lang='lat'><strong>³¹¹.</strong></span> <span class='ocrx_word' id='word_1_428' title='bbox 197 4295 300 4345; x_wconf 64' lang='lat' dir='ltr'><strong>asiam.</strong></span> <span class='ocrx_word' id='word_1_429' title='bbox 336 4296 377 4344; x_wconf 78' lang='lat' dir='ltr'><strong>au</strong></span> <span class='ocrx_word' id='word_1_430' title='bbox 393 4244 696 4361; x_wconf 53' lang='grc' dir='ltr'><strong>νιῖοἶιυίίοόίιτῗιίαὲ</strong></span> <span class='ocrx_word' id='word_1_431' title='bbox 746 4248 806 4349; x_wconf 70' lang='lat' dir='ltr'><strong>aii.</strong></span> <span class='ocrx_word' id='word_1_432' title='bbox 823 4246 1283 4365; x_wconf 58' lang='lat' dir='ltr'><strong>ss⁰22¹iu23252¹¹2¹aliuilbl.</strong></span> 
     </span>
     <span class='ocr_line' id='line_1_49' title="bbox 151 4361 1283 4435; baseline 0.003 -24"><span class='ocrx_word' id='word_1_433' title='bbox 151 4377 186 4428; x_wconf 88' lang='grc' dir='ltr'><strong><em>τη</em></strong></span> <span class='ocrx_word' id='word_1_434' title='bbox 198 4361 344 4429; x_wconf 81' lang='grc' dir='ltr'><em>ναυμαχίη</em></span> <span class='ocrx_word' id='word_1_435' title='bbox 359 4364 387 4427; x_wconf 89' lang='lat' dir='ltr'><strong>(i.</strong></span> <span class='ocrx_word' id='word_1_436' title='bbox 403 4380 426 4413; x_wconf 87' lang='lat' dir='ltr'><strong>o.</strong></span> <span class='ocrx_word' id='word_1_437' title='bbox 437 4372 498 4429; x_wconf 77' lang='lat' dir='ltr'><strong>poet</strong></span> <span class='ocrx_word' id='word_1_438' title='bbox 510 4367 606 4416; x_wconf 82' lang='lat' dir='ltr'><strong>cladem</strong></span> <span class='ocrx_word' id='word_1_439' title='bbox 618 4368 693 4429; x_wconf 79' lang='lat' dir='ltr'><strong>illum,</strong></span> <span class='ocrx_word' id='word_1_440' title='bbox 746 4374 904 4419; x_wconf 83' lang='lat' dir='ltr'><strong>revocatum</strong></span> <span class='ocrx_word' id='word_1_441' title='bbox 922 4384 971 4435; x_wconf 86' lang='lat' dir='ltr'><strong>pro</strong></span> <span class='ocrx_word' id='word_1_442' title='bbox 987 4363 1195 4435; x_wconf 82' lang='grc' dir='ltr'><em>προσεφέρετο,</em></span> <span class='ocrx_word' id='word_1_443' title='bbox 1212 4368 1283 4419; x_wconf 83' lang='lat' dir='ltr'><strong>cuiue</strong></span> 
     </span>
    </p>
   </div>
   <div class='ocr_carea' id='block_1_5' title="bbox 149 3574 699 3974">
    <p class='ocr_par' dir='ltr' id='par_1_6' title="bbox 149 3574 699 3974">
     <span class='ocr_line' id='line_1_50' title="bbox 189 3574 697 3655; baseline 0.006 -19"><span class='ocrx_word' id='word_1_444' title='bbox 189 3579 366 3654; x_wconf 75' lang='grc' dir='ltr'><em>Ξειναγόρης</em></span> <span class='ocrx_word' id='word_1_445' title='bbox 375 3588 508 3654; x_wconf 74' lang='grc' dir='ltr'><strong>Κιλικίης</strong></span> <span class='ocrx_word' id='word_1_446' title='bbox 516 3582 609 3654; x_wconf 84' lang='grc' dir='ltr'><em>πάσης</em></span> <span class='ocrx_word' id='word_1_447' title='bbox 619 3574 697 3655; x_wconf 78' lang='grc' dir='ltr'><em>ἦρξε]</em></span> 
     </span>
     <span class='ocr_line' id='line_1_51' title="bbox 153 3655 699 3720; baseline 0.005 -17"><span class='ocrx_word' id='word_1_448' title='bbox 153 3655 172 3703; x_wconf 89' lang='lat' dir='ltr'><strong>i.</strong></span> <span class='ocrx_word' id='word_1_449' title='bbox 185 3670 209 3703; x_wconf 90' lang='lat' dir='ltr'><strong>e.</strong></span> <span class='ocrx_word' id='word_1_450' title='bbox 221 3655 324 3704; x_wconf 84' lang='lat' dir='ltr'><strong>Ciliciae</strong></span> <span class='ocrx_word' id='word_1_451' title='bbox 335 3658 481 3720; x_wconf 79' lang='lat' dir='ltr'><strong>provinciae</strong></span> <span class='ocrx_word' id='word_1_452' title='bbox 492 3659 541 3706; x_wconf 77' lang='lat' dir='ltr'><strong>loli</strong></span> <span class='ocrx_word' id='word_1_453' title='bbox 551 3659 699 3720; x_wconf 73' lang='lat' dir='ltr'><strong>praefectae</strong></span> 
     </span>
     <span class='ocr_line' id='line_1_52' title="bbox 149 3722 698 3785; baseline 0.011 -16"><span class='ocrx_word' id='word_1_454' title='bbox 149 3722 209 3784; x_wconf 75' lang='grc' dir='ltr'><em>[ιαἰ,</em></span> <span class='ocrx_word' id='word_1_455' title='bbox 222 3736 244 3770; x_wconf 80' lang='grc' dir='ltr'><em>ε.</em></span> <span class='ocrx_word' id='word_1_456' title='bbox 257 3729 366 3785; x_wconf 77' lang='lat' dir='ltr'><strong>satrapa</strong></span> <span class='ocrx_word' id='word_1_457' title='bbox 374 3723 460 3785; x_wconf 78' lang='lat' dir='ltr'><strong>factm</strong></span> <span class='ocrx_word' id='word_1_458' title='bbox 472 3730 521 3776; x_wconf 75' lang='lat' dir='ltr'><strong>oet.</strong></span> <span class='ocrx_word' id='word_1_459' title='bbox 539 3724 620 3774; x_wconf 85' lang='lat' dir='ltr'><strong>Hanc</strong></span> <span class='ocrx_word' id='word_1_460' title='bbox 632 3740 698 3775; x_wconf 84' lang='lat' dir='ltr'><strong>vero</strong></span> 
     </span>
     <span class='ocr_line' id='line_1_53' title="bbox 153 3790 696 3853; baseline 0.007 -16"><span class='ocrx_word' id='word_1_461' title='bbox 153 3790 306 3853; x_wconf 79' lang='lat' dir='ltr'><strong>satrapiam</strong></span> <span class='ocrx_word' id='word_1_462' title='bbox 324 3804 406 3838; x_wconf 87' lang='lat' dir='ltr'><strong>unam</strong></span> <span class='ocrx_word' id='word_1_463' title='bbox 420 3806 435 3840; x_wconf 93' lang='lat' dir='ltr'><strong>e</strong></span> <span class='ocrx_word' id='word_1_464' title='bbox 449 3792 597 3841; x_wconf 87' lang='lat' dir='ltr'><strong>maioribus</strong></span> <span class='ocrx_word' id='word_1_465' title='bbox 610 3792 696 3841; x_wconf 76' lang='lat' dir='ltr'><strong>fuisse</strong></span> 
     </span>
     <span class='ocr_line' id='line_1_54' title="bbox 153 3857 697 3922; baseline 0.009 -18"><span class='ocrx_word' id='word_1_466' title='bbox 153 3861 233 3921; x_wconf 75' lang='lat' dir='ltr'><strong>patet</strong></span> <span class='ocrx_word' id='word_1_467' title='bbox 245 3872 278 3905; x_wconf 83' lang='lat' dir='ltr'><strong>ex</strong></span> <span class='ocrx_word' id='word_1_468' title='bbox 290 3857 337 3915; x_wconf 84' lang='lat' dir='ltr'><strong>iia,</strong></span> <span class='ocrx_word' id='word_1_469' title='bbox 356 3872 427 3921; x_wconf 89' lang='lat' dir='ltr'><strong>quae</strong></span> <span class='ocrx_word' id='word_1_470' title='bbox 441 3858 476 3906; x_wconf 87' lang='lat' dir='ltr'><strong>ad</strong></span> <span class='ocrx_word' id='word_1_471' title='bbox 488 3858 541 3922; x_wconf 89' lang='lat'>111,</span> <span class='ocrx_word' id='word_1_472' title='bbox 553 3858 588 3907; x_wconf 80' lang='lat' dir='ltr'><strong>llll</strong></span> <span class='ocrx_word' id='word_1_473' title='bbox 600 3864 697 3910; x_wconf 89' lang='lat' dir='ltr'><strong>notata</strong></span> 
     </span>
     <span class='ocr_line' id='line_1_55' title="bbox 153 3928 224 3974; baseline 0.042 -3"><span class='ocrx_word' id='word_1_474' title='bbox 153 3928 224 3974; x_wconf 81' lang='lat' dir='ltr'><strong>suat.</strong></span> 
     </span>
    </p>
   </div>
   <div class='ocr_carea' id='block_1_6' title="bbox 0 0 1418 5132">
    <p class='ocr_par' dir='ltr' id='par_1_7' title="bbox 0 0 1418 5132">
     <span class='ocr_line' id='line_1_56' title="bbox 0 0 1418 5132; baseline 0 3"><span class='ocrx_word' id='word_1_475' title='bbox 0 0 1418 5132; x_wconf 95' lang='lat' dir='ltr'><strong> </strong></span> 
     </span>
    </p>
   </div>
  </div>
 </body>
</html>
