2900 5122
401 382 663 443 csnnrorn.
687 384 745 441 lx.
768 392 899 446 ss-ss.
1159 388 1222 463 ars

93 558 196 648 πολλῷ
210 558 350 636 πλεῦνες
368 558 437 624 τῶν
453 558 636 643 γυναικοῖν,
655 550 742 624 οὕτω
762 550 803 640 δὴ
820 548 1040 641 ὑποσταντες,
1057 550 1098 623 τὰ
1115 549 1133 625 ὁ
1150 565 1222 626 Με-

92 655 230 746 λάμπους
247 663 476 747 προετείνατο,
494 652 594 743 ἤϊσαν
613 653 776 736 δώσοντές
792 660 828 725 oi
842 658 953 725 ταυτα.
981 649 999 724 ὁ
1019 656 1056 724 di
1074 659 1223 731 ἐνθαῦτα

93 756 354 848 σὴέπορέμεται,
379 752 485 848 ὁρέων
504 753 627 838 αὐτους
644 760 903 847 τετραμμένους,
927 753 1009 846 φας,
1033 752 1077 845 ἢν
1100 755 1144 848 μὴ
1167 761 1223 829 καὶ

91 863 132 951 τῷ
151 855 306 952 ἀδελφεῷ
326 867 445 931 Βίαντι
468 862 635 948 μεταδῶσι
657 856 695 928 τό
717 856 928 948 τριτημόριον
948 861 1007 945 τῆς
1037 866 1222 951 βασιληίης,

91 957 126 1030 οὐ
141 960 290 1050 ποιήσειν
301 958 342 1031 τὰ
354 959 541 1049 βούλονται.
570 966 605 1029 oi
622 960 659 1029 dt
674 957 825 1051 Ἀργεῖοι,
843 956 1080 1048 ἀπειληθέντες
1095 965 1126 1043 ἐς
1138 982 1223 1032 στει-

91 1059 158 1150 riv,
180 1065 390 1133 καταινέουσι
414 1064 469 1132 καὶ
491 1066 607 1132 ταυτα.
636 1057 695 1142 Ὦς
714 1062 751 1131 δὲ
769 1064 824 1131 καὶ
842 1065 1066 1150 Σπαρτιῆται,
1092 1066 1270 1141 έδέοντο35

91 1161 146 1251 γὰρ
162 1169 280 1245 δειναῖς
298 1168 358 1234 του
382 1168 584 1253 Τισαμενοῦ,
604 1161 735 1244 πάντας
753 1161 963 1253 συνεχώρεόν
980 1169 1020 1234 oi.
1052 1186 1222 1256 6quan

91 1263 209 1336 σάντων
234 1267 273 1335 δέ
297 1268 480 1336 καὶταῦτα
504 1268 571 1335 τοῖν
600 1267 838 1354 Σπαρτιητέων
861 1260 949 1335 οὕτω
975 1262 1016 1353 δὴ
1040 1270 1139 1337 πέντε
1163 1292 1222 1356 σφι

91 1366 325 1456 μαντευόμενος
343 1364 475 1455 ἀγῶνας
492 1365 569 1447 τοὺς
586 1375 761 1456 μεγίστους
784 1364 965 1457 Τισαμενὸς
981 1362 999 1435 ὁ
1014 1363 1151 1457 Ἠλεῖος,
1170 1398 1222 1458 γε·

90 1562 179 1629 μῆνιν,
198 1570 230 1615 nt
240 1565 379 1616 Diodorus
398 1564 416 1617 l.
429 1564 448 1615 l.
462 1566 559 1627 tredit3
579 1580 626 1614 au·
677 1580 736 1615 rum
755 1582 772 1616 a
789 1566 881 1616 surore
898 1572 1058 1617 sanaturum
1075 1567 1147 1618 hanc
1164 1569 1221 1619 Me-

91 1639 156 1683 atore
168 1634 311 1683 Pausania
325 1633 344 1682 I.
357 1632 375 1684 l.
388 1631 479 1699 μανία
496 1635 560 1691 ταῖς
578 1649 626 1696 γυ·
677 1632 797 1698 lampadi
816 1635 934 1699 gratiam
952 1635 1078 1684 scribens
1096 1636 1131 1685 ab
1148 1636 1221 1686 Ana-

90 1697 174 1762 ταιξὶν
186 1693 337 1763 ἐνέπεσεν,
358 1693 530 1765 ἐκφοιτῶσαι
548 1693 581 1751 dl
595 1692 625 1751 έιι
676 1717 783 1767 xagora
795 1716 856 1751 esse
869 1702 996 1764 relatam,
1010 1707 1040 1751 ut
1052 1705 1149 1767 aequis
1162 1720 1221 1754 oum

89 1764 247 1819 τόνοίκιῶν
260 1761 422 1819 ἐπλανῶντο
439 1759 495 1819 οἷνά
509 1762 562 1835 τὴν
573 1762 625 1834 χοὶ-
675 1770 737 1835 ipso
754 1769 895 1835 ipsiusque
914 1769 998 1819 fratre
1014 1771 1115 1820 Biante
1136 1774 1223 1836 parti·

90 1850 147 1897 ραν,
170 1828 199 1895 ές
215 1825 232 1887 ὃ
250 1830 430 1901 Μελάμπους
452 1828 468 1887 ὁ
488 1827 626 1901 Ἀμυθάν·
677 1837 728 1886 bus
738 1853 851 1901 regnum
862 1838 1084 1887 communicaret
1098 1838 1152 1888 Sed
1162 1841 1223 1905 quis

89 1918 131 1961 νος
146 1903 201 1970 (qni
218 1898 322 1970 μα’ντις
334 1908 450 1955 vocatur
465 1921 481 1954 a
493 1904 625 1967 Diodoro)
678 1920 781 1969 quaeso
798 1905 827 1953 in
844 1904 946 1954 talibus
963 1907 1056 1955 omnia
1077 1906 1131 1955 sibi
1147 1923 1222 1972 pror-

90 1964 339 2047 {supersedeatis
351 1967 438 2022 νόσον
449 1989 474 2022 a.
487 1989 510 2022 τ.
524 1972 547 2023 i.
677 1988 722 2022 sus
736 1988 888 2038 congruere
902 1973 1094 2037 exspectabit?
1116 1974 1222 2025 Addam

117 2054 184 2089 οντα
200 2034 239 2105 δὴ
259 2032 444 2099 ὑποστάντες]
468 2041 485 2088 i.
501 2056 524 2090 e.
544 2041 585 2089 ita
602 2055 623 2088 s.
678 2040 803 2104 equidem
832 2040 1088 2106 Schweighaeuseri
1116 2047 1222 2092 notam:

89 2108 543 2173 tamdemumrlrgivirecipientes,
554 2122 625 2173 quae
676 2110 813 2170 „Praeter
829 2110 955 2159 dimidium
972 2112 1056 2173 repsi,
1081 2110 1151 2174 quod
1170 2111 1223 2159 sibi

87 2173 231 2241 Melampus
247 2178 399 2241 proposuit,
417 2192 438 2225 e.
457 2179 483 2225 in
500 2177 625 2225 coaditlo·
676 2176 830 2243 Melampus
839 2177 1036 2241 postulaverat,
1046 2179 1158 2244 insuper
1168 2179 1224 2227 ira-

88 2258 135 2291 aea
145 2259 161 2291 a
173 2243 337 2308 rlIalampode
346 2245 506 2308 propositam
517 2259 623 2293 consea-
676 2243 711 2293 tri
725 2259 773 2295 suo
791 2244 943 2311 postulavit
959 2248 1060 2295 tertiam
1071 2248 1146 2311 requi
1157 2263 1223 2311 par·

87 2315 168 2361 mnes
184 2318 362 2367 accerserunt.
383 2312 447 2361 lrnec
463 2312 513 2375 ipsi
529 2312 624 2363 daturi.
676 2318 738 2372 teni,
763 2328 861 2378 nempe
884 2314 995 2362 tertiam
1017 2318 1122 2379 partem
1143 2315 1221 2364 dimi-

89 2377 160 2427 Hand
172 2379 256 2429 aliter
268 2379 328 2429 iere
337 2369 496 2442 ὖφιστοὶναι
505 2379 555 2441 ΠΙ,
569 2378 624 2428 127.
677 2379 747 2429 disti
757 2381 846 2445 regni,
857 2380 928 2444 quod
934 2380 1043 2445 Argivis
1054 2387 1221 2446 superesset,

90 2443 132 2493 128
142 2451 170 2495 et
181 2445 292 2510 1x,9s.
326 2447 369 2495 De
382 2445 488 2497 voculis
501 2434 574 2496 οὕτω
588 2439 625 2509 δὴ
678 2447 1146 2513 adeoquesextampartemtotius.
1167 2450 1222 2515 lgi-

89 2512 120 2561 cf.
137 2513 222 2564 allata
240 2514 276 2563 ad
294 2514 345 2575 lx,
364 2511 389 2563 6.
421 2515 543 2579 Sequens
561 2505 625 2565 έπο-
676 2519 733 2575 tur,
755 2514 972 2580 qnandoquidem
992 2516 1142 2565 conditioni
1159 2518 1221 2566 sub-

89 2574 188 2643 ρέγεται
206 2582 388 2633 reddiderim:
403 2586 483 2647 plura
499 2584 564 2631 adeo
579 2597 626 2646 pe·
677 2583 848 2648 scripserunt
858 2582 970 2647 Argivi,
984 2585 1096 2648 accepit
1108 2584 1221 2634 Melam·

88 2649 133 2709 tiit,
150 2656 263 2715 praeter
276 2663 324 2709 ea,
342 2664 412 2716 quae
427 2650 482 2700 iam
494 2650 624 2715 petierat,
676 2665 726 2714 pus
740 2651 901 2700 cumfratre
915 2656 1042 2714 quattuor
1054 2656 1146 2703 sextas
1159 2668 1221 2718 par·

89 2715 229 2782 slindqnid
243 2718 299 2768 sibi
330 2718 463 2769 ostulans.
492 2720 536 2767 Ea
552 2717 625 2766 enim
676 2724 731 2779 tes,
751 2718 778 2767 id
796 2723 840 2767 est
856 2717 924 2768 duas
941 2717 974 2768 de
991 2719 1080 2769 tribus
1096 2720 1221 2784 partibus

89 2786 295 2850 praepositionis
309 2733 356 2836 lut
368 2787 398 2834 in
409 2785 502 2835 verbis
516 2801 624 2849 compo·
675 2786 762 2836 totins
775 2786 865 2851 regni,
879 2792 909 2835 ut
921 2786 1057 2837 Diodorus
1070 2786 1125 2837 Sic.
1140 2788 1181 2837 ait
1194 2792 1222 2838 st

90 2850 143 2901 sitis
154 2859 195 2903 est
206 2853 265 2916 vis,
278 2858 312 2903 ut
323 2853 428 2918 aliquid
440 2853 506 2903 addi
518 2852 562 2904 vel
576 2867 624 2902 au·
676 2853 791 2904 Pindari
804 2853 1005 2904 Scholiastes.“

90 2920 140 2981 geri
153 2920 269 2971 indicet.
301 2921 381 2971 Coni.
395 2936 465 2986 quae
482 2921 578 2972 notavi
595 2922 625 2970 in
710 2911 918 2987 οἷπὲιίηθέντες
935 2912 965 2979 ές
981 2914 1102 2988 στεινὸν]
1121 2923 1184 2975 Vid.
1197 2924 1220 2985 1,

90 2986 207 3038 Crenaeri
218 2988 329 3039 Melett.
340 2990 391 3039 111.
402 3006 429 3054 p.
439 2988 482 3039 (il.
500 2988 542 3037 Ad
554 2993 624 3038 stru·
676 2988 717 3040 24.
732 2990 811 3047 VIII,
831 2988 878 3039 109
894 2990 988 3054 ibique
1006 2995 1076 3041 nott.
1096 2991 1129 3042 de
1146 2991 1221 3042 locs·

91 3060 184 3171 :lllm
200 3057 283 3108 verbi
299 3050 487 3121 μεταδιδόναι
504 3056 541 3107 ci.
554 3061 624 3106 nott.
677 3057 761 3107 tione.
790 3056 910 3107 Verbum
928 3060 1077 3108 καταινεῑν
1092 3060 1171 3125 attigi
1185 3060 1220 3110 ad

152 3125 202 3187 111,
215 3126 242 3176 5.
675 3126 724 3188 IX,
738 3125 779 3176 33.

127 3184 157 3240 τὸ
177 3184 363 3259 τριτημόριον
385 3190 436 3258 τῆς
460 3188 624 3259 βασιληίης]

90 3255 220 3310 bunariis
233 3275 386 3325 congruere
399 3260 625 3310 videnturliero·
851 3293 909 3344 off
936 3296 1037 3345 xxxv

87 3323 162 3376 dotes
174 3344 236 3378 curn
248 3329 297 3389 iis,
317 3343 387 3392 quae
400 3332 513 3378 enarrat
524 3327 625 3378 Diodo·
911 3333 917 3345 '
1040 3331 1046 3346 '

90 3405 128 3441 rur
138 3394 183 3457 IV,
196 3395 244 3457 68,
258 3396 376 3461 Argivos
388 3395 447 3447 scil.
458 3395 627 3461 Melampodi
711 3387 824 3454 πάντας
835 3388 1011 3461 συνεχώρεόν
1023 3390 1060 3461 oi]
1074 3398 1092 3446 i.
1108 3413 1130 3446 e.
1144 3414 1218 3462 pror·

90 3463 198 3524 gratiam
229 3464 415 3529 rependentes
447 3464 516 3513 dues
546 3462 626 3528 regni
676 3480 719 3517 sna
731 3467 756 3515 ei
766 3471 957 3540 concesseram,
972 3480 1041 3529 quae
1055 3463 1116 3514 scil.
1128 3471 1220 3531 postu-

89 3535 173 3589 partes
190 3546 254 3582 esse
272 3530 401 3596 largitos,
424 3530 626 3596 Melampodsm
677 3532 793 3584 laverat.
817 3533 870 3581 Pro
883 3547 997 3589 παντως
1009 3531 1221 3597 Schweigbneu

90 3600 171 3649 antem
183 3613 247 3649 cum
255 3599 357 3649 Biante
368 3599 455 3649 fratre
467 3613 546 3650 suam
555 3614 627 3649 com·
677 3615 738 3651 sero
756 3600 863 3663 (Lexic.
875 3599 978 3649 Herod.
991 3600 1027 3650 11.
1040 3616 1105 3665 pag.
1121 3601 1179 3663 174)
1192 3603 1221 3653 in

91 3666 236 3717 manicasse
259 3668 422 3732 portionem.
456 3667 516 3717 Nec
537 3667 626 3730 magis
677 3673 796 3719 mentem
811 3673 927 3717 venerat
943 3661 1071 3731 πάντων,
1092 3670 1221 3734 quemad·

91 3736 210 3784 convenit
233 3734 349 3784 Pindari
372 3734 527 3785 scholiasta
547 3734 626 3784 Nem.
677 3737 786 3786 modum
798 3736 864 3795 VII,
880 3734 937 3785 lbl.
967 3736 1027 3797 Quo
1046 3741 1139 3786 tamen
1154 3753 1221 3803 opus

91 3796 131 3859 11,
142 3798 175 3851 30
184 3801 388 3867 Melampodem
401 3802 540 3863 scribens,
553 3806 625 3866 post·
678 3819 738 3854 esse
749 3808 834 3869 negat
842 3803 983 3853 Letronne
994 3804 1034 3853 in:
1046 3804 1162 3854 Journal
1172 3806 1221 3856 des

91 3879 162 3928 quam
173 3870 301 3921 mercede
318 3874 404 3935 pacta
420 3870 534 3920 duarum
547 3870 626 3934 regni
677 3871 741 3922 Sar.
757 3870 829 3921 1817.
843 3886 906 3936 pag.
920 3872 967 3933 44,
986 3873 1010 3921 si
1029 3873 1141 3948 quidem
1150 3864 1222 3922 ποίν-

91 3937 199 3996 partinm
227 3937 359 3987 mulieres
388 3937 479 3988 furore
505 3939 627 4003 sgItatas
677 3955 738 4002 τως,
752 3939 823 4004 quod
836 3938 909 3988 idem
921 3939 1016 3989 valeat
1029 3945 1219 4004 etqueurrotos,

91 4005 626 4127 remunerarentur
679 4022 766 4140 {tlt}
779 4006 1221 4140 „stltrttslltlsdtt

620 4108 626 4121 ι
1029 4113 1036 4137 ,
1211 4103 1221 4113 ¹

92 4133 126 4184 ita
136 4141 628 4206 utomneimperiumesssttriparti-
678 4157 738 4192 nus.
772 4141 932 4206 Beklierus,
952 4158 1032 4208 quom
1048 4143 1175 4193 Diodori.
1194 4148 1222 4193 et

92 4208 149 4267 tum,
162 4208 469 4274 interMelampodidas‚
481 4208 628 4259 Biantidas
678 4208 805 4260 Distsoh.
823 4215 983 4274 sequuntur,
1009 4210 1095 4261 edidit
1115 4206 1221 4273 πάντα,

92 4277 117 4319 et
126 4273 269 4326 Proetidas
281 4276 408 4327 divisum.
430 4278 568 4327 Dissentit
579 4275 629 4326 de·
679 4277 904 4343 quemadmodum
921 4270 1017 4328 πάντα
1028 4276 1137 4343 μᾶλλον
1149 4292 1222 4327 nuno

91 4339 166 4405 nique
177 4343 332 4396 Pausanias
343 4344 386 4408 Π,
400 4343 440 4395 18.
456 4346 481 4406 ξ.
498 4345 515 4394 4
532 4343 627 4394 mulie·
678 4343 891 4411 legitumos.
920 4346 1056 4411 Equidem
1069 4346 1132 4395 dedi
1151 4344 1222 4408 quod

953 4429 1019 4499 18*
