2866 5134
284 414 342 473 DE
366 414 471 474 VPI'A
491 412 550 472 HT
571 412 763 473 SORIPTIS
784 410 1021 472 HERODOTI.
1159 416 1220 478 463

102 585 261 638 limentinus
275 583 358 651 liber,
378 575 518 636 Sancrofti
541 582 610 635 liber
631 589 659 634 et
673 582 792 635 Parisini
813 583 920 636 codices
944 583 1017 635 nullo
1033 583 1111 636 modo
1133 585 1162 636 in
1178 584 1220 635 his

101 670 288 722 consentientes
314 669 509 736 inueniuntur,
536 667 585 720 sed
615 684 672 719 eam
696 669 841 720 formarum
869 668 1056 722 diversitatem
1076 670 1219 738 praebent,

99 771 160 825 quae
172 755 314 826 quominus
332 754 443 822 singula
458 769 583 822 quaeque
597 752 632 804 ad
648 769 727 805 unam
743 758 843 806 certum
859 752 994 823 quandam
1009 752 1094 821 legem
1110 761 1138 806 et
1155 771 1220 806 nor-

98 856 155 891 mam
174 846 382 904 revocarentur,
405 854 521 908 prorsus
543 837 659 889 obstitit.
684 839 781 908 ltaque
805 839 1075 907 Schweighaeuserus
1096 846 1124 891 et
1138 839 1221 891 Gais-

98 924 204 991 lordius,
227 941 243 976 a
260 924 363 993 quibus
383 923 467 976 multa
489 923 516 974 in
535 922 671 975 Herodoti
684 923 781 983 ¹verbis
797 924 892 976 melius
909 924 1059 976 constituta
1074 941 1153 991 esse,
1176 942 1221 975 co·

97 1008 173 1062 dicum
185 1027 235 1078 ope
247 1009 426 1079 potissimum,
439 1008 535 1075 negari
545 1007 649 1076 nequit,
662 1015 749 1061 tamen
762 1010 908 1061 formarum
920 1008 991 1060 illam
1002 1008 1221 1077 discrepantiam,

98 1092 134 1144 vel
147 1094 172 1146 in
188 1111 242 1146 una
257 1094 406 1164 eademque
419 1111 485 1146 voce
502 1092 629 1145 modoad
644 1110 806 1147 communem
822 1093 983 1160 dialectum,
997 1094 1075 1146 modo
1097 1094 1132 1145 ad
1146 1093 1221 1145 Ioni-

95 1195 143 1231 cum
166 1178 299 1232 flectenda
320 1179 435 1246 obviam,
454 1178 529 1230 nullo
545 1176 623 1229 modo
645 1178 830 1246 sustulerunt,
853 1178 902 1230 sed
918 1178 1046 1231 intactam
1061 1178 1221 1248 plerumque

95 1262 262 1334 reliquerunt.
295 1263 420 1317 Necdum
445 1263 515 1316 enim
540 1262 587 1314 illa
613 1270 704 1315 aetate
729 1263 790 1333 ipsa
813 1264 988 1316 Herodoteae
1012 1263 1121 1316 dialecti
1152 1263 1221 1316 ratio

93 1348 237 1401 accuratius
263 1348 376 1417 cognita
399 1366 450 1402 nec
476 1347 567 1417 leges,
592 1364 661 1416 quas
687 1348 715 1400 in
746 1349 788 1400 his
804 1348 933 1419 sequitur
952 1349 1127 1415 Herodotus,
1152 1347 1221 1400 satis

93 1439 162 1484 erunt
183 1433 329 1499 inventae,
355 1435 423 1487 adeo
447 1441 477 1485 ut
497 1433 589 1502 aliqua
605 1450 665 1485 cum
679 1433 855 1487 certitudinis
874 1434 981 1503 specie,
1005 1434 1072 1505 quid
1090 1433 1222 1485 Nostrum

91 1515 193 1584 dixisse,
210 1534 346 1588 quamque
360 1520 472 1575 formam
486 1517 645 1570 adhibuisse
665 1525 798 1588 oporteat,
815 1518 945 1571 affirmari
963 1518 1094 1587 potuerit.
1124 1519 1221 1586 Itaque

91 1608 148 1653 ante
167 1604 257 1656 omnia
279 1604 309 1655 in
330 1603 397 1656 haec
417 1604 478 1672 ipsa
495 1603 688 1673 inquirendum
703 1610 771 1671 erat,
789 1604 916 1673 beneque
932 1604 961 1655 id
976 1604 1065 1655 sensit
1078 1602 1221 1667 Matthiae,

91 1702 143 1738 cum
165 1687 192 1739 in
213 1695 283 1740 nott.
307 1689 342 1740 ad
355 1689 459 1741 Herod.
480 1688 518 1755 ll,
540 1692 572 1740 87
594 1687 744 1740 scriberet:
783 1688 1012 1757 „Qualiscunque
1047 1688 1085 1739 sit
1114 1687 1222 1739 dialecti

90 1771 277 1833 „Herodoteae
297 1773 423 1841 licentia,
446 1774 524 1841 leges
547 1773 601 1824 etsi
622 1791 677 1825 non
698 1773 898 1839 invenerimus,
919 1791 982 1826 esse
996 1780 1100 1840 tamen,
1120 1773 1221 1843 quibus

90 1856 194 1919 „harum
207 1860 356 1911 formarum
377 1858 411 1910 ad
433 1876 510 1911 suam
532 1873 658 1928 quaeque
677 1859 903 1911 consuetudinem
924 1857 1124 1925 restringatur,
1144 1875 1222 1909 nemo

89 1940 180 2002 „facile
196 1960 300 2012 negare
314 1943 425 2011 poterit.
461 1943 517 1996 Res
535 1949 579 1995 est
597 1942 730 2010 longioris
751 1942 971 2014 disquisitionis,
993 1960 1073 2012 quam
1094 1950 1124 1994 ut
1144 1941 1221 1994 breui

89 2028 281 2089 „annotatione
305 2026 412 2080 absolvi
439 2029 560 2097 possit.“
594 2027 633 2080 Ac
657 2029 786 2100 longioris
803 2030 985 2097 disquisitionis
998 2028 1067 2079 hanc
1085 2045 1140 2080 rem
1160 2045 1222 2079 ease

89 2125 144 2162 uere
155 2112 349 2181 pronuntiavit
357 2112 498 2166 Matthiae.
515 2113 583 2165 Cum
595 2112 665 2167 euim
675 2113 844 2180 Herodotus,
858 2121 890 2166 ut
900 2130 985 2183 supra
995 2114 1047 2165 iant
1059 2113 1221 2177 monuimus,

89 2210 116 2244 ea
127 2197 262 2249 sermonis
279 2198 366 2250 forma
376 2215 444 2250 usus
457 2199 502 2264 sit,
518 2215 589 2268 quae
605 2197 776 2251 diversarum
791 2198 968 2252 dialectorum
983 2200 1084 2250 formas
1099 2205 1127 2250 et
1138 2215 1221 2249 voces

88 2278 185 2334 admisit
209 2282 379 2353 easdemque
406 2301 462 2336 non
489 2284 548 2336 sine
570 2283 687 2335 artificio
708 2284 823 2353 quodam
843 2292 906 2354 apte
922 2284 950 2336 in
971 2300 1053 2336 unum
1069 2283 1221 2347 coniunxit,

89 2364 169 2430 agitur
188 2385 245 2420 non
264 2375 370 2421 tantum
391 2368 426 2420 de
449 2387 496 2434 eo,
521 2377 560 2434 ut,
577 2369 712 2437 quomodo
734 2368 762 2421 in
778 2368 897 2436 singulis
911 2369 1017 2421 Noster
1032 2368 1136 2436 egerit,
1152 2368 1222 2419 hanc

91 2447 187 2504 formam
202 2469 356 2522 vocemque
371 2452 530 2519 admittens,
547 2453 617 2504 illam
634 2470 785 2522 respuens,
801 2461 928 2507 accurate
948 2462 976 2505 et
996 2460 1072 2506 certo
1089 2451 1222 2504 constitui

92 2536 174 2603 poscit,
190 2554 291 2591 verum
306 2536 387 2591 etiam
400 2555 481 2608 quam
495 2538 608 2590 maxime
624 2539 679 2591 erit
692 2538 848 2606 videndum,
866 2555 928 2591 num
943 2539 978 2606 is,
994 2538 1080 2607 quiin
1093 2537 1221 2589 aliisior-

96 2616 137 2668 mis
149 2636 175 2673 aa
192 2623 314 2675 vocibus
330 2623 462 2690 lonicum,
485 2624 514 2676 in
534 2623 596 2675 aliis
618 2624 704 2691 magis
719 2624 889 2676 Homericam
905 2630 934 2676 et
949 2623 1099 2693 poeticam,
1115 2622 1144 2673 in
1161 2621 1221 2673 aliis

96 2700 190 2760 tmen
211 2707 361 2760 dialectum
382 2715 494 2761 secutus
515 2714 572 2775 est,
594 2707 623 2760 id
646 2725 758 2778 quoque
772 2708 927 2776 admiserit,
952 2716 984 2761 ut
999 2725 1082 2760 unum
1096 2707 1222 2776 idemque

95 2790 239 2845 vocabulum
261 2792 342 2845 modo
356 2793 507 2847 secundum
521 2793 656 2860 Ionicum,
682 2795 760 2846 modo
776 2794 925 2847 secundum
939 2794 1110 2846 Homericam
1132 2790 1220 2862 poiti-

90 2886 203 2945 eamque,
224 2877 310 2931 modo
331 2877 481 2930 secundum
496 2878 613 2931 Atticam
633 2889 683 2931 aut
703 2892 868 2932 communem
886 2879 1030 2932 dialectum
1046 2881 1176 2931 formaret
1191 2893 1222 2927 ac

89 2953 217 3030 flecteret,
242 2962 374 3034 quoniam
395 2963 444 3015 hac
463 2963 526 3033 ipsa
543 2964 572 3016 in
591 2982 622 3017 re
644 2964 782 3017 maximam
805 2964 987 3017 differentiam
1010 2981 1042 3016 ac
1062 2963 1222 3015 varietatem

85 3044 207 3108 praetem
225 3047 294 3100 libri
308 3048 405 3117 scripti
421 3048 510 3101 adhuc
527 3049 645 3117 cogniti,
667 3050 798 3119 equibus
817 3049 885 3102 editi
900 3049 963 3101 libri
976 3049 1150 3118 prodierunt.
1183 3047 1222 3098 hc

83 3127 177 3192 primus
195 3132 310 3186 exstitit
323 3132 388 3185 Car.
400 3133 472 3186 Lud.
488 3134 600 3202 Struue,
615 3135 663 3204 qui
674 3135 764 3188 tribus
780 3134 974 3203 speciminibus
989 3136 1178 3201 Quaestionum
1191 3135 1223 3186 dc

81 3212 185 3271 diatreta
204 3219 342 3273 Herodoti
360 3216 467 3286 editir*)
487 3219 607 3271 Ionicum
622 3219 757 3273 Herodoti
779 3237 931 3273 sermonem
945 3218 978 3271 ad
997 3227 1088 3271 certae
1102 3218 1179 3285 leges
1194 3225 1222 3268 et

81 3297 111 3349 ad
123 3300 222 3356 iustam
238 3305 389 3356 formarum
412 3304 592 3358 constantiam
611 3322 742 3357 revocare
756 3304 878 3372 studuit,
897 3322 951 3374 quo
972 3309 1071 3356 certam
1088 3303 1148 3355 viro
1168 3301 1221 3353 cri-

81 3380 128 3435 tico
145 3386 230 3454 viam,
249 3405 334 3459 quam
349 3388 375 3440 in
392 3386 511 3455 singulis
525 3389 620 3441 formis
640 3389 776 3457 eligendis
794 3397 968 3459 sequeretur,
986 3394 1110 3457 pararet,
1126 3386 1221 3437 incon-

79 3470 191 3523 stantiae
212 3472 256 3525 illi
278 3474 426 3526 formarum
446 3473 616 3541 singularum
636 3474 675 3526 ita
696 3474 822 3527 succurri
844 3491 928 3542 posse
942 3473 1109 3536 arbitratur,
1129 3479 1174 3537 ut,
1197 3470 1221 3521 si

79 3568 151 3619 quum
182 3558 304 3611 formam
332 3557 457 3627 pluribus
488 3558 556 3611 locis
582 3559 688 3611 Noster
717 3559 868 3611 secumdum
901 3558 1062 3627 optimorum
1091 3556 1222 3608 librorum

77 3642 267 3696 auctoritatem
296 3650 456 3696 constanter
483 3644 635 3710 tenuisset,
665 3644 777 3696 eandem
806 3659 918 3714 quoque
950 3643 978 3695 in
1010 3642 1126 3712 reliquis
1153 3639 1221 3692 locis

77 3720 161 3792 iisque
175 3729 290 3797 paucis,
305 3730 335 3781 in
357 3729 458 3798 quibus
474 3729 528 3781 alia
542 3729 629 3781 forma
644 3729 739 3795 obvia,
755 3728 840 3796 recipi
861 3726 944 3780 vellet
964 3727 1007 3780 vel
1024 3726 1121 3780 invitis
1143 3725 1221 3777 libris

75 3809 193 3879 scriptis.
225 3813 324 3865 Huius
349 3814 402 3866 viri
426 3813 590 3882 doctissimi,
608 3814 656 3884 qui
677 3829 785 3883 „pauca
801 3820 907 3867 tantum
928 3813 1059 3883 quaedam
1075 3809 1220 3864 vocabulo·

74 3906 129 3944 rum
145 3913 272 3963 genera,
297 3899 347 3951 sed
364 3898 459 3951 eximia
480 3907 508 3951 et
522 3898 665 3967 diligentia
681 3905 709 3950 et
731 3898 940 3967 perspicacitate
954 3898 1113 3964 tractavit,“
1132 3912 1221 3948 exem·

74 3975 142 4044 plum
160 3990 284 4035 secutus
305 3983 441 4038 Guilielm.
464 3983 626 4037 Diudorfius
647 3984 788 4054 reliquam,
811 3991 841 4036 ut
854 3983 915 4053 ipse
931 3984 983 4051 ait,
1001 3982 1103 4035 laboris
1119 3988 1221 4050 partem

135 4212 161 4275 *l
180 4217 358 4282 Regimontii
374 4215 438 4268 1828
455 4222 484 4268 et
501 4234 592 4283 seqq.;
611 4217 676 4267 inde
695 4218 769 4283 typis
787 4219 907 4284 repetita
925 4222 1036 4268 exstant
1052 4218 1081 4267 in
1099 4215 1220 4266 eiusdem

73 4280 123 4330 viri
135 4284 214 4333 docti
228 4285 367 4349 Opusoatis
377 4289 491 4347 selectis,
505 4302 576 4350 quae
590 4286 677 4336 edidit
688 4287 746 4335 Iac.
757 4285 893 4337 Theodor.
904 4287 1003 4337 Struve
1016 4285 1130 4350 Lipsiae
1148 4282 1220 4332 1854.

73 4345 129 4399 vot.
141 4351 178 4401 ll.
192 4369 263 4418 pag.
279 4352 331 4403 256
343 4369 417 4419 seqq.
452 4354 495 4403 Tu
513 4354 584 4403 conf.
600 4368 669 4418 quae
687 4353 750 4403 olim
769 4353 803 4403 da
821 4354 865 4404 his
882 4354 964 4403 retuli
983 4354 1012 4403 in
1027 4352 1157 4403 Seebodii
1173 4351 1220 4399 Bi

71 4414 165 4470 blioth.
180 4422 279 4470 critic.
297 4419 369 4471 1829.
384 4423 418 4473 11.
431 4438 473 4473 nr.
485 4419 526 4472 98.
540 4438 603 4487 pag.
617 4420 667 4472 390
679 4437 737 4486 seq.
