2952 5156
230 394 291 457 158
663 386 932 450 HERODOTI

231 560 428 652 ἐςἝφεσον,
446 564 586 643 καλέσας
604 559 814 652 Μαρδόνιον,
834 562 968 657 ἐκέλευέ
981 589 1040 650 μιν
1056 566 1115 648 τῆς
1130 563 1284 649 στρατιῆς
1296 566 1374 630 δια·

229 668 339 752 λέγειν
364 661 443 745 τοδς
469 662 641 752 βούλεται,
669 665 723 733 καὶ
750 665 874 733 ποιίσιν
895 677 982 731 τοῖσι
1000 659 1125 749 λόγοισι
1142 659 1183 732 τὰ
1201 669 1281 753 ἔργα
1297 688 1374 731 πει-

229 765 380 857 ρώμενον
405 761 510 855 ὁμοῖα.
552 763 683 852 Ταύτην
708 764 770 854 μὲν
795 761 857 850 τὴν
881 758 1007 853 ἡμέρην
1026 767 1057 843 ἐς
1075 767 1214 833 τοσοῦτο
1232 766 1373 851 ἐγίνετο·

227 872 286 957 τῆς
313 868 351 938 δὲ
376 864 513 956 νοιιτδς,
541 865 758 947 κελεύσαντος
781 867 948 953 βασιλέος,
974 862 1032 945 τοὶς
1049 868 1126 944 νέας
1143 869 1178 934 ολ
1193 867 1374 955 στρατηγοί

229 974 265 1040 ἐκ
282 973 345 1040 τοῦ
362 967 521 1060 Φαλήρου
537 964 667 1057 ἆιιῆγον
683 963 790 1037 ὀπίσω
817 970 850 1047 ἐς
876 964 935 1037 τδν
956 961 1216 1055 Ἑλλήσποντον,
1244 961 1288 1047 ὡς
1312 965 1374 1035 τά·

228 1099 301 1162 χεος
321 1071 387 1160 εἶχε
406 1074 551 1160 ἕκαστος,
571 1066 839 1160 διαφυλαξούσας
856 1066 913 1149 τοὶς
931 1075 1065 1159 σχεδίας
1083 1071 1291 1159 πορευθῆναι
1308 1075 1373 1156 βα-

229 1176 322 1244 σιλέϊ.
360 1175 431 1243 ἐπεὶ
456 1174 493 1242 δὲ
515 1169 621 1261 ἀγχοὺ
642 1161 728 1260 ἦσαν
751 1173 925 1260 Ζωστῆρος
949 1168 1115 1251 πλώοντας
1137 1175 1173 1240 ol
1192 1168 1374 1261 βάρβαροι,

228 1372 298 1422 haec
312 1372 489 1422 cavillantem
506 1386 554 1437 pro
571 1386 645 1421 more
658 1371 695 1421 11.
707 1385 772 1436 pag.
824 1386 875 1421 rea
886 1371 1018 1420 transiret.
1049 1369 1128 1420 Libri
1139 1368 1235 1435 scripti
1248 1363 1370 1435 βασιλέϊ,

228 1439 326 1491 870-
338 1440 391 1489 Pro
402 1430 539 1498 ἐκέλευσε,
552 1438 623 1503 qnod
636 1454 650 1487 e
663 1438 773 1503 quibua·
825 1438 895 1502 quod
905 1437 1016 1502 retinui,
1027 1438 1136 1487 reiecta
1145 1437 1262 1487 Aldinae
1272 1436 1372 1485 lectio·

229 1508 292 1558 dam
309 1508 482 1557 retinuerunt
498 1506 655 1564 Schaeier..
672 1505 772 1555 Matth.
824 1520 859 1554 ne
869 1503 1006 1571 βασιλῆας
1020 1520 1138 1570 namque
1148 1503 1371 1569 cnmSchwei'gh.

229 1581 257 1624 et
274 1590 346 1626 recc.
363 1574 437 1637 edd,
464 1575 589 1639 equidem
606 1573 780 1638 reliquorum.
824 1573 981 1638 intelligere
1016 1572 1097 1623 licet:
1134 1567 1371 1637 διαφυλαξούσας

228 1643 358 1692 librorum
377 1642 569 1693 anctoritatem
586 1647 698 1692 secutur
711 1655 772 1689 cnm
823 1637 936 1705 βασιλέϊ
954 1631 1034 1702 (ὥστε
1052 1631 1151 1703 αὐτὸν)
1174 1639 1369 1705 πορευθῆναι,

229 1711 382 1776 Schweigh.
408 1715 437 1760 et
461 1709 549 1760 Gaias.
574 1709 637 1759 dedi
659 1700 772 1760 ἐκέλευε
823 1712 854 1757 nt
870 1724 939 1758 eane
955 1709 993 1758 sit
1010 1709 1121 1759 dativus
1138 1708 1271 1758 commodi
1289 1722 1371 1772 quem

229 1780 349 1843 itemque
374 1794 435 1828 mox
457 1772 525 1836 τοὺς
548 1769 694 1844 βούλεται,
724 1775 772 1825 ubi
823 1785 940 1840 vocant3
965 1791 1129 1841 quamquam
1149 1776 1302 1826 infinitivus
1318 1790 1372 1826 ιτσ-

229 1846 293 1896 olim
305 1838 372 1904 τούς
389 1833 427 1895 dv
444 1837 594 1911 βούληται,
614 1844 692 1895 libris
705 1844 772 1893 scri·
824 1842 967 1908 σταθῆναι
981 1845 1075 1894 nescio
1086 1844 1150 1909 qnid
1160 1843 1253 1893 durius
1264 1843 1371 1893 habere

229 1915 285 1978 ptis
297 1915 406 1975 invitia,
421 1913 556 1963 exstabat.
587 1913 772 1961 indicativum
824 1911 947 1974 ridetur,
965 1912 1010 1961 cni
1023 1913 1065 1961 ita
1076 1912 1179 1961 mederi
1191 1911 1281 1962 voluit
1292 1911 1373 1961 Reis-

228 1983 258 2031 in
281 1982 385 2030 talibus
406 1983 470 2047 poni
491 1994 585 2044 poene,
610 1982 771 2040 monstrant,
824 1978 900 2042 kiua,
925 1985 955 2028 ut
979 1978 1130 2045 legeretnrz
1154 1969 1203 2029 δι’
1225 1965 1270 2028 ὦν
1295 1972 1371 2028 ἔδει

230 2048 451 2113 qnaeWerterne
462 2047 557 2096 attulit
568 2049 597 2097 in
608 2049 680 2096 Actt.
693 2044 772 2110 phill.
824 2044 1017 2112 accendimur.
1053 2047 1155 2097 Postea
1169 2046 1322 2110 Schweigh.
1343 2047 1372 2094 in

228 2117 354 2166 Monncc.
368 2115 390 2164 l.
404 2130 467 2179 pag.
481 2113 536 2163 105.
549 2113 606 2163 100.
630 2106 774 2178 διαλέγειν
825 2115 892 2164 Lex.
907 2115 1007 2165 Herod.
1026 2114 1072 2176 (11.
1084 2131 1148 2180 pag.
1161 2114 1223 2178 226)
1241 2130 1303 2163 earn
1315 2114 1371 2164 sini

228 2182 282 2232 hoc
301 2182 362 2232 loco
380 2190 408 2231 et
424 2181 502 2241 vm,
525 2181 572 2231 113
588 2181 658 2231 dixit
674 2181 774 2230 Noster
824 2183 1010 2247 suspicionem
1022 2182 1147 2231 obortam
1166 2197 1227 2232 esse
1240 2181 1321 2243 dicit,
1342 2190 1373 2230 nt

230 2250 326 2299 eadem
344 2250 456 2315 ισριοδί
474 2249 693 2321 significatione,
719 2263 774 2312 qua
826 2250 946 2301 activum
958 2250 1071 2300 verbum
1083 2242 1218 2312 τορεύειν
1230 2249 1371 2299 notionem

228 2332 313 2382 supra
330 2316 488 2380 (v111,1oo.
504 2316 562 2380 ιοι)
584 2316 653 2366 ann
668 2308 771 2367 aaeotc‘·
823 2316 929 2368 habeat
945 2319 1071 2375 merendi,
1090 2319 1247 2375 πάσαισι,
1266 2320 1304 2367 aa
1319 2321 1373 2367 ner

228 2384 342 2451 γεσδαι.
382 2384 462 2435 Cont.
481 2385 594 2434 Diodor.
612 2385 674 2447 XV,
694 2383 726 2432 71
745 2389 774 2433 et
821 2386 945 2450 ραναπσί,
957 2386 1075 2450 indeque
1085 2386 1158 2436 hunc
1167 2385 1223 2435 loci
1235 2386 1295 2435 iore
1308 2400 1370 2435 een·

229 2467 300 2519 qnae
318 2453 376 2504 alia
390 2454 564 2518 proteruntur
585 2454 615 2502 in
631 2453 772 2502 Thesauro
823 2468 882 2503 enm
906 2454 1069 2504 arbitratur:
1099 2470 1176 2504 aecer
1198 2455 1372 2504 carterium-nr

229 2523 310 2585 Ling.
329 2521 428 2571 Graec.
446 2521 484 2571 11.
502 2536 566 2587 pag.
587 2519 660 2571 1209.
694 2520 773 2569 Infra
820 2527 920 2585 prater,
934 2528 961 2571 nt
973 2523 1030 2587 νιρὶ
1041 2523 1077 2571 ad
1087 2526 1220 2571 tranrr'tmn
1230 2526 1371 2586 ρσνσίίστ-

228 2590 307 2648 11111,
322 2588 371 2640 113
388 2590 528 2639 invenitur
545 2602 651 2653 quoque
665 2578 773 2652 ἒνλὲνσ·
824 2596 894 2649 rent,
912 2605 933 2639 a.
950 2595 1101 2653 curaturae,
1125 2589 1320 2647 odacronlnrar,
1344 2596 1372 2638 ut

229 2657 313 2720 σθαι,
338 2657 372 2707 de
390 2672 442 2721 quo
459 2657 544 2707 etiam
562 2657 635 2706 coni.
654 2660 723 2705 nott.
738 2654 774 2704 ad
823 2661 978 2720 pontecetc.
996 2658 1066 2706 Mihi
1079 2659 1168 2722 magia
1181 2657 1284 2707 arridet
1296 2659 1372 2723 prior

228 2726 302 2785 Vlll,
315 2724 356 2775 22.
391 2724 496 2775 Verba:
515 2720 565 2773 καλ
577 2717 688 2774 ποιέειν
699 2725 772 2773 τοῖσι
824 2724 1025 2789 interpretatio.

229 2786 337 2857 λόγοισι
353 2783 388 2842 τὰ
408 2786 477 2857 ἔργα
492 2781 773 2857 recommendant«
860 2790 1018 2858 Ζωστῆρος]
1042 2794 1086 2843 De
1108 2793 1161 2843 hoc
1185 2793 1371 2858 promontorio

230 2861 337 2926 proprio
354 2859 463 2909 valent:
486 2866 562 2924 atquc
577 2861 699 2909 tentando
717 2874 772 2908 rer·
823 2859 947 2923 primarii
959 2865 1023 2910 runt
1033 2859 1089 2911 loci
1098 2859 1232 2926 Stephani
1241 2862 1370 2925 Byzan.

228 2928 341 2977 montbar
356 2929 475 2993 aequalia
490 2929 602 2977 reddere
611 2928 686 2991 sacta
697 2941 719 2976 e.
732 2932 772 2975 at·
824 2942 889 2993 pag.
902 2926 960 2977 377.
978 2928 1098 2978 Pancan.
1110 2929 1136 2989 1,
1155 2928 1196 2979 31.
1214 2930 1238 2990 ξ.
1250 2927 1276 2980 3.
1295 2928 1371 2978 Stra-

229 3011 277 3060 qne
294 2995 492 3058 commedere,
512 3002 539 3042 nt
554 2997 686 3058 praularia
699 2995 774 3056 sucta
824 2995 886 3044 bon.
898 2996 946 3045 lx.
965 3012 990 3060 p.
1008 2994 1058 3045 308
1075 3011 1096 3046 a.
1110 2994 1199 3046 61οΒ.
1234 2996 1300 3046 Fuit
1316 3002 1370 3046 ter·

229 3068 362 3128 aequaret.
402 3061 582 3112 Locutionem
604 3053 633 3120 ἐς
654 3059 773 3112 τοσοῦτο
824 3078 872 3112 rae
897 3068 1003 3113 tractae
1027 3065 1056 3113 iu
1076 3079 1153 3114 mare
1176 3068 1322 3129 porrectus
1344 3069 1373 3113 et

230 3132 266 3190 (lu
282 3136 390 3188 tantum,
407 3129 528 3179 lacteam
544 3144 578 3179 ea
595 3129 649 3180 hoc
665 3130 709 3179 die
724 3129 773 3179 fie-
823 3130 959 3195 Apollinis
978 3131 1059 3193 aede,
1082 3147 1155 3181 nunc
1172 3132 1280 3193 diruta,
1303 3130 1372 3181 alio·

229 3196 316 3260 bant),
328 3212 399 3261 quae
409 3196 529 3248 occurrit
538 3196 703 3258 etiamVIll‚
717 3197 772 3258 125,
824 3213 935 3263 rumque
959 3198 1070 3249 deorum
1092 3214 1148 3249 arra
1170 3214 1301 3265 insignia,
1326 3200 1373 3249 cai

230 3267 327 3330 attigit
338 3264 439 3315 Matth.
452 3264 498 3315 Gr.
513 3265 559 3315 Gr.
573 3266 597 3325 §-
610 3264 669 3328 578,
684 3282 707 3315 c.
730 3265 774 3315 'l'u
825 3280 842 3314 a
866 3267 992 3317 Latonae
1023 3266 1134 3332 cingulo
1162 3282 1261 3317 nomen
1284 3269 1372 3316 venit.

228 3332 284 3383 vid.
298 3338 366 3383 nott
381 3333 415 3383 ad
427 3334 473 3395 VI,
490 3332 538 3384 134
550 3338 579 3383 et
591 3334 653 3395 Vll,
665 3331 707 3383 00.
730 3333 772 3382 Ad
824 3334 902 3384 Nunc
926 3335 994 3384 Vari
1014 3334 1111 3385 dicunt
1133 3334 1206 3385 hanc
1229 3335 1374 3400 regionem

228 3402 314 3451 verba
330 3393 368 3461 ὡς
380 3393 482 3467 ια’χεσς
498 3394 559 3467 εἶχε
572 3394 688 3458 ἕκαστος
704 3400 735 3463 (i.
748 3415 772 3451 e.
824 3401 859 3451 ob
869 3391 959 3451 vi'cnm
969 3416 1054 3468 prope
1065 3403 1218 3462 iacentem
1231 3402 1311 3452 laeua
1324 3401 1373 3451 ad·

229 3476 324 3535 quanta
332 3473 463 3520 celeritate
473 3473 577 3536 quicque
583 3470 690 3535 parret),
702 3482 773 3533 quae
824 3469 920 3520 iacens
932 3484 1013 3520 sacer
1025 3471 1173 3520 etiamnum
1185 3478 1303 3521 vocatur
1318 3472 1373 3519 Vn·

229 3538 324 3602 attigit
341 3537 414 3587 idem
425 3538 562 3588 Matthiae
579 3538 604 3598 ξ.
616 3536 680 3597 337,
699 3536 772 3587 coni.
824 3539 961 3587 ἱίοτιιιιπτ.
997 3537 1081 3587 Plura
1094 3540 1196 3588 Kruse:
1214 3536 1315 3588 Heliae
1332 3539 1373 3597 11,

230 3619 300 3668 quae
322 3619 405 3670 cupra
425 3604 553 3670 leguntur
572 3605 622 3665 Vl,
643 3602 691 3654 110
714 3604 773 3666 (uhi
827 3605 973 3670 l.pag.·l·2l
989 3620 1046 3670 seq.
1061 3605 1245 3671 ctl'orbiger:
1258 3605 1372 3655 Handh.

228 3672 284 3721 vid.
298 3671 393 3736 nott):
410 3662 449 3730 cir
465 3671 564 3724 ποδοῖν
579 3665 673 3737 cizan
692 3673 771 3722 Wea-
824 3672 850 3721 d.
868 3673 916 3723 alt
936 3672 1093 3738 Geograph.
1110 3674 1161 3723 111.
1179 3689 1207 3738 p.
1226 3672 1287 3723 808.
1317 3673 1373 3723 Ne·

229 3739 329 3804 seling.
347 3740 521 3791 excitaverat
535 3739 676 3791 Plutarch.
693 3742 729 3790 ll.
745 3756 772 3806 p.
824 3754 876 3803 qne
899 3741 954 3790 alio
978 3740 1037 3791 sero
1058 3741 1118 3791 loco
1140 3741 1193 3791 hoc
1214 3748 1374 3805 promonto-

228 3805 288 3882 010.
302 3806 403 3857 Herod.
417 3807 469 3868 IX,
483 3807 525 3857 58.
560 3808 635 3859 Male
647 3807 711 3857 olim
723 3824 771 3858 τα·
824 3808 908 3869 rium,
930 3809 975 3857 cni
990 3824 1063 3858 nunc
1080 3824 1179 3859 nomen
1196 3808 1373 3870 limbaula,

230 3889 313 3938 χεσς,
338 3875 409 3939 quod
432 3874 521 3941 iprum
538 3876 679 3926 Sancrofti
701 3876 774 3925 liber
823 3877 902 3940 ponit
922 3876 1031 3926 Leahe:
1055 3876 1109 3926 Die
1130 3877 1238 3926 Demea
1253 3876 1375 3927 Attica's

230 3943 344 4003 retinet,
384 3941 557 4006 Florentino,
586 3943 648 3993 aliie
677 3943 773 3994 melina
824 3942 1005 4009 pag.4dseq.
1019 3945 1217 3994 edweaterm.
1231 3948 1298 4009 etp.
1311 3942 1373 3996 240.

230 4008 346 4058 alterum
362 4009 551 4061 afferentibus.
587 4012 625 4061 Et
640 4010 710 4060 vidit
726 4010 773 4060 du·
825 4011 968 4061 Minervae
991 4026 1068 4061 aram
1092 4011 1119 4061 h.
1137 4012 1155 4061 l.
1175 4018 1375 4062 commemorat

229 4076 293 4126 dum
310 4077 475 4144 Weeeeling.
492 4080 567 4129 Dira.
580 4077 712 4128 Herodot.
724 4079 781 4145 IX..
825 4080 981 4129 Pausaniae
994 4078 1012 4127 1.
1026 4095 1109 4145 snpra
1121 4079 1148 4141 1.,
1162 4079 1234 4129 unde
1248 4080 1374 4145 explica·

229 4159 256 4210 p.
273 4142 330 4194 129.
824 4152 869 4197 tur
880 4148 983 4197 mentio
999 4138 1153 4212 Ἀθηναίας
1166 4146 1374 4213 Ζωστηρίας

265 4206 500 4277 διαφυλαξούσας
520 4206 572 4272 τοὶς
590 4211 706 4279 σχεδίας
722 4229 775 4264 πο·
825 4216 854 4264 in
877 4215 1059 4280 inscriptione
1081 4214 1264 4271 memorabili,
1288 4230 1373 4280 quam

230 4273 774 4416 tilt'tlttlittltltmlttt
824 4282 1372 4402 llllhttltttflthhffilhit

320 4385 326 4398 Ι
660 4388 666 4414 '
1047 4388 1053 4400 Ι
1093 4386 1099 4401 fl
1215 4386 1222 4400 Ι
1319 4386 1326 4403 Ι
