2932 5124
205 367 264 431 178
640 354 908 416 HERODOTI

204 536 353 627 Πέρσησι
374 530 507 621 ἐξέβαλε
526 533 558 610 ἐς
576 527 638 617 τὴν
655 527 840 598 θάλασσαν.
875 522 962 596 ’Ali’
983 521 1001 594 ό
1019 524 1098 613 μὲν,
1124 518 1169 604 ὡς
1191 525 1248 593 καὶ
1266 520 1348 610 πρό-

203 637 300 724 τερόν
317 666 371 727 μοι
391 645 534 724 εἴρηται,
552 628 623 724 ὁδῳ
639 629 825 720 χρεώμενος
844 625 910 717 ἅμα
927 631 974 720 τῳ
992 623 1082 719 ἄλλῳ
1100 628 1247 717 στρατῷ,
1266 620 1348 693 άπε·

137 738 343 827 12ονόστησε
363 741 395 818 ἐς
412 733 474 823 την
489 730 610 821 Ἀσίην.
638 729 737 820 Μάγα
757 732 794 800 dt
811 732 867 799 καὶ
884 728 962 799 τόδε
979 725 1171 818 ματρόριον
1190 735 1349 814 φαίνεται

203 839 266 931 γάρ
281 838 406 928 Ξέρξης
426 840 461 906 ἐν
478 839 521 925 τῇ
543 831 649 904 όπίσω
672 836 794 922 κομιδῇ
818 828 1017 920 άπικόμενος
1044 833 1077 911 ἐς
1094 826 1262 916 Ἄβδηρα,
1291 831 1348 896 καί

203 950 330 1030 ξεινίην
353 938 388 1009 τὲ
411 960 472 1027 σφι
495 935 717 1025 συνθέμενος,
736 936 792 1003 καὶ
811 931 1044 1023 δωρησάμενος
1062 926 1186 1010 αότοός
1204 926 1349 1018 ἀκινάκῃ

203 1072 239 1112 τε
258 1039 388 1133 χρυσέῳ
406 1042 460 1109 καὶ
480 1035 576 1127 ”den
594 1034 820 1128 χρυσοπάστῳ.
854 1038 926 1121 καὶ,
946 1029 990 1115 τός
1008 1029 1103 1103 αὐτοὶ
1122 1030 1257 1119 λέγουσι
1273 1027 1349 1117 ’Λβ-

206 1151 351 1234 όηρϊται,
369 1139 520 1228 λέγοντες
539 1143 613 1228 ἐμοί
626 1165 664 1226 γε
682 1134 838 1226 addendis
855 1133 966 1224 πιστά,
984 1138 1117 1222 πρῶτον
1135 1131 1273 1202 ἐλύσατο
1285 1130 1352 1220 τὴν

206 1245 314 1333 ζώνην
332 1242 469 1332 φεόγων
488 1244 521 1323 ἐξ
537 1237 706 1327 Ἀθηνέων
723 1235 847 1327 όπίσω,
875 1234 920 1319 ως
947 1241 984 1308 ἐν
1009 1233 1105 1325 dalaq
1134 1233 1206 1305 ἐω’ν.
1242 1231 1282 1304 τά
1311 1235 1352 1303 δὲ

205 1410 321 1475 opponit
331 1405 492 1467 Herodotus,
507 1404 664 1469 responderi
677 1410 751 1469 pote·
803 1408 919 1452 stinctum
947 1396 1143 1467 χρυσόπαστον
1168 1405 1350 1449 memoratum

206 1482 263 1526 rat:
283 1476 318 1524 At
330 1475 473 1538 remigum,
486 1472 573 1536 quiin
586 1472 651 1522 navi
663 1478 751 1527 erant.
803 1470 859 1535 legi
871 1474 976 1519 tiaram:
989 1470 1022 1518 de
1037 1484 1090 1534 qus
1101 1472 1213 1533 praeter
1224 1468 1351 1516 Brisson.

205 1550 405 1605 nautarumque
417 1545 576 1590 cunctorum
588 1555 672 1605 opera
685 1554 752 1604 opus
804 1538 890 1587 multa
902 1537 1034 1587 Gatnker.
1048 1537 1116 1585 Adr.
1129 1538 1208 1585 Mise.
1220 1534 1310 1600 postlr.
1325 1552 1351 1585 r.

206 1613 260 1661 fuit
272 1609 464 1677 gubernatori,
486 1622 540 1671 qua
555 1609 671 1671 pervim
685 1614 750 1656 tem·
802 1606 849 1665 24,
869 1606 917 1654 sed
935 1604 1003 1654 allbi
1018 1605 1139 1669 reperies
1152 1599 1352 1668 χρυσόπαστον

205 1680 323 1746 perstatis
342 1678 376 1726 ad
395 1681 518 1741 optatum
535 1674 600 1723 litus
615 1674 750 1724 eluctare·
803 1664 914 1738 ἐσθῆτα
931 1677 960 1721 et
977 1666 1011 1721 τά
1030 1665 1211 1737 χρυσόπαστα
1227 1669 1283 1719 τῶν
1303 1664 1349 1720 ε’ν-

204 1746 280 1796 tur.¹‘
316 1745 610 1808 Selmeiqlraeascr.
803 1735 968 1805 δυμάτων.“
990 1739 1140 1789 Valcken.
1172 1738 1351 1787 AtMedir-oru

801 1815 893 1859 vestem
905 1809 950 1873 qui
963 1808 1069 1856 muneri
1082 1807 1170 1865 dedit,
1191 1821 1240 1853 eur
1257 1808 1281 1853 is
1300 1808 1351 1854 tirr-

801 1894 856 1925 rum
873 1877 938 1925 dare
956 1890 1009 1925 non
1026 1875 1160 1941 potuerit,
1180 1872 1253 1922 haud
1271 1874 1351 1937 equi·

802 1944 863 1993 dem
881 1944 1017 2008 intelligo.
1052 1942 1139 2005 Cyrus
1156 1940 1306 2004 Syennesi,
1325 1943 1352 1989 εἰ

802 2011 869 2061 fides
886 2010 1062 2076 Xenophonti
1079 2009 1166 2058 acab,
1185 2009 1208 2067 I,
1223 2009 1249 2056 ’.1.
1265 2010 1290 2069 ἕ.
1305 2009 1350 2069 27,

801 2079 877 2128 dedit
894 2094 1018 2138 mrrnera,
1043 2092 1113 2142 qnae
1135 2076 1352 2125 honoratissirna

802 2147 874 2211 apud
887 2147 986 2195 Persas
999 2150 1159 2206 censentur,
1177 2159 1274 2208 equum
1294 2145 1353 2194 irc-

803 2216 845 2263 nis
855 2214 947 2263 aureis
957 2219 1090 2273 ornatum,
1101 2217 1224 2276 torquem
1235 2227 1352 2261 aureum

397 1913 464 1963 Car.
483 1911 564 1961 CXX.

240 2015 376 2083 φαίνεται
386 2007 451 2078 γάρ]
464 2011 633 2062 PartIcuIam
645 2004 699 2076 γάρ
711 2018 752 2062 at·

205 2088 270 2152 tigit
282 2083 379 2134 Matth.
393 2082 439 2130 Gr.
454 2080 499 2129 Gr.
517 2081 540 2139 §.
553 2077 613 2142 6311,
626 2080 651 2129 2.
682 2079 749 2129 Add.

205 2154 239 2204 Ο.
261 2150 413 2202 Schneider
434 2147 468 2196 ad
489 2148 604 2196 Isocrat.
628 2147 748 2221 Areopa·

206 2221 283 2285 gitie.
297 2215 368 2278 §.aa
382 2232 446 2281 pag.
458 2214 504 2263 tot
517 2230 574 2278 seq.
589 2242 618 2248 —
633 2209 751 2278 ἠοπίσω

204 2280 309 2351 staret}
323 2289 415 2333 exstat
427 2298 531 2346 quoque
544 2281 619 2341 VIII,
633 2281 689 2332 108.
707 2284 750 2331 Ile

205 2355 319 2405 Abderis
336 2351 392 2402 vid.
411 2356 477 2400 nott.
494 2350 567 2412 adl,
582 2348 630 2397 lus
648 2356 675 2398 et
688 2350 749 2405 VII,

239 2484 288 2539 sai
306 2484 418 2550 ξεινίην
439 2480 469 2535 τί
487 2499 538 2549 σφι
560 2478 748 2550 συνθέμενος]

204 2557 294 2621 Artigi
314 2555 383 2603 haec
406 2554 461 2602 ium
480 2568 563 2617 supra
581 2553 608 2601 in
625 2558 695 2602 nott.
714 2553 749 2602 ad

205 2626 268 2687 VII,
280 2622 327 2672 nt
340 2621 403 2671 coll.
413 2622 473 2679 tui,
484 2620 518 2669 tn
530 2626 558 2669 et
568 2621 663 2669 confer
672 2636 750 2685 prae-

205 2700 283 2741 terea
294 2691 346 2749 lx,
364 2689 424 2750 135,
442 2688 489 2737 ubi
508 2684 601 2749 ξείνια
613 2686 749 2749 προτίθε-

206 2759 285 2810 σθαι.
318 2757 413 2819 Magis
426 2771 491 2804 vero
503 2756 556 2804 huc
570 2756 640 2804 facit
653 2757 702 2815 Ill,
717 2754 750 2803 311

206 2824 318 2889 ξεινίην
328 2815 420 2888 Ἀμοὶσι
434 2815 667 2887 συνεθήκατο.
697 2824 748 2871 Νο-

205 2909 257 2958 que
271 2891 353 2941 aliter
368 2891 480 2940 verbnm
493 2889 684 2940 συντίθεσθαι
703 2891 750 2939 ad·

204 2961 316 3009 hibetur
327 2957 377 3019 111,
392 2956 449 3007 157.
463 2956 508 3015 VI,
527 2957 585 3017 1153
606 2958 641 3008 cf.
656 2959 748 3019 etiam,

205 3040 276 3091 quse
294 3025 328 3073 de
346 3024 426 3073 huius
443 3024 520 3071 verbi
534 3039 584 3073 usu
598 3040 684 3090 nuper
695 3042 750 3074 mo-

204 3095 265 3143 nuit
283 3091 313 3141 C.
331 3091 362 3139 F.
380 3092 423 3140 w.
442 3090 571 3139 Mueller:
591 3092 632 3140 Ile
651 3093 749 3144 ritibus

205 3168 233 3211 et
249 3159 412 3210 ceremoniis
430 3174 495 3223 pag.
511 3158 549 3207 13.
585 3159 648 3208 Alia
666 3176 748 3224 qnae-

204 3229 267 3277 dsm
290 3226 436 3276 afferamus
457 3227 492 3275 ad
509 3226 589 3287 VIII,
611 3226 666 3276 ¹28.
706 3229 748 3278 De

204 3298 308 3346 aelnaee
321 3295 374 3345 rid.
389 3299 456 3343 nott.
470 3293 506 3342 ad
519 3293 572 3355 III,
589 3293 644 3343 118.

243 3358 326 3429 τιήρῃ
347 3354 548 3428 χρυσοπάστῳ]
571 3365 662 3412 ίίοναιιι
685 3380 747 3412 atrro

202 3435 296 3496 pictum
320 3446 341 3480 s.
365 3437 481 3479 ottramni
504 3431 604 3479 Noster
624 3430 747 3480 indicare

204 3498 304 3559 valuit3
318 3498 414 3547 eodem
426 3513 509 3547 sensu
521 3490 556 3546 τό
567 3490 748 3562 χρυσόπαστα

205 3568 362 3627 (restituente
372 3582 435 3613 ιιιινο
445 3566 527 3628 pletas)
537 3565 664 3614 dicuntur
676 3566 747 3631 apud

204 3631 332 3695 Aeschyl.
343 3632 371 3680 irr
382 3632 540 3695 dgnmernn.
548 3632 598 3681 749
608 3634 649 3682 ed.
658 3634 748 3683 Blom-

205 3699 287 3755 field,
301 3714 380 3763 quem
389 3700 445 3751 vid.
454 3700 483 3747 in
493 3699 634 3750 Glossario
647 3702 681 3750 ad
692 3702 716 3751 lr.
729 3701 746 3750 1.

203 3766 288 3817 Plura
297 3767 399 3815 similia
408 3766 747 3834 exhibet'shesanr.Liug.

206 3834 306 3883 Graec.
320 3834 394 3882 VIII.
409 3851 435 3895 p.
452 3833 513 3882 1741
529 3835 570 3883 ed.
585 3836 668 3885 Iliad.
704 3837 746 3885 Do

203 3896 514 4017 tintinant
524 3902 747 4021 1111111121

203 4035 268 4096 VII,
282 4034 324 4083 61.
344 4036 477 4097 „Tinrsrn
490 4009 647 4100 infrequenti
661 4038 745 4089 irrisae

203 4107 268 4167 puta
285 4105 390 4166 reglum
408 4103 520 4161 donum,
537 4104 688 4154 Acanthius
701 4123 746 4155 eo·

203 4170 263 4219 darn
276 4185 329 4234 quo
339 4170 522 4220 dbderitauos
534 4171 635 4221 honore
648 4189 694 4223 rex
708 4175 747 4223 di·

203 4242 304 4354 quetus
320 4238 383 4297 VII,
400 4236 448 4287 tlt
466 4230 627 4304 ἐδωρήσατο
645 4233 746 4308 ἐσθῆτι

238 4303 333 4371 ηδικῄ.
369 4307 506 4371 Nusquam
524 4310 607 4357 etism
625 4326 687 4360 arro
706 4314 746 4361 di-

803 2297 835 2330 sc
853 2281 951 2331 stolam
968 2281 1118 2330 PersIcam.
1159 2280 1238 2341 Quae
1256 2281 1352 2329 omnia

801 2366 882 2398 aurea
893 2348 978 2398 fnlsse
992 2364 1025 2397 ue
1038 2348 1152 2407 mirens,
1167 2347 1221 2397 vid.
1231 2354 1302 2397 nott.
1315 2348 1353 2397 ad

802 2417 862 2478 VII,
877 2417 918 2466 54.
947 2416 1094 2465 Caeterum
1107 2414 1142 2464 ad
1155 2431 1197 2475 ee,
1211 2430 1283 2480 quae
1296 2415 1352 2465 hoc

800 2483 862 2533 loco
884 2484 917 2532 de
934 2483 1074 2533 Abderitis
1091 2489 1250 2545 narrantur,
1273 2482 1352 2533 lraud

801 2553 859 2601 seio
877 2568 913 2600 an
932 2551 959 2601 id
978 2566 1083 2616 quoque
1101 2552 1253 2616 pertineat,
1277 2552 1354 2616 quod

802 2620 874 2683 apud
892 2618 1052 2668 Philostrut.
1071 2620 1126 2668 Vit.
1140 2618 1259 2699 Sophist.
1275 2620 1302 2673 1,
1321 2618 1354 2668 10

802 2686 878 2751 (pag.
890 2686 950 2748 494)
967 2693 995 2735 et
1008 2686 1099 2737 Valer.
1114 2687 1223 2735 Maxim.
1237 2686 1322 2746 Vlll,
1336 2688 1352 2734 7

801 2755 918 2803 truditur
935 2754 968 2803 dc
987 2755 1151 2815 Maeandro,
1175 2754 1351 2816 Protagorae

801 2827 888 2887 putre,
903 2822 1011 2871 hemina
1023 2823 1119 2881 divite,
1133 2822 1178 2887 qui
1190 2814 1354 2885 δεξάμενος

801 2883 851 2940 τόν
860 2884 974 2955 Ξέρξην
985 2884 1064 2955 ahila
1075 2905 1105 2939 τε
1117 2886 1167 2939 καὶ
1180 2882 1284 2953 δώροις
1295 2884 1353 2955 την

802 2955 957 3035 ξυνουσίιχν
966 2956 1022 3006 τῶν
1030 2953 1130 3022 μα’χων
1139 2955 1177 3024 τῷ
1186 2953 1269 3007 nortl
1281 2948 1353 3019 παρ’

801 3018 891 3075 αὐτοῦ
905 3040 1015 3088 supera:
1040 3041 1110 3089 quac
1129 3026 1226 3074 eadem
1239 3026 1301 3075 fere
1316 3027 1351 3075 de

800 3095 959 3143 Democrito
980 3098 1075 3142 narrat
1091 3093 1233 3158 Diogenes
1252 3094 1350 3145 La'drt.

834 3221 953 3279 ίίόσατο
971 3220 1025 3294 τὴν
1041 3224 1144 3293 ζιόνην]
1166 3230 1184 3278 ἰ.
1198 3244 1223 3278 e.
1240 3234 1350 3293 primum

800 3298 872 3361 apud
885 3296 1045 3358 Abderitas,
1067 3312 1103 3345 ea·
1115 3314 1164 3362 quo
1177 3297 1289 3346 Attenia
1300 3298 1351 3345 do-

800 3380 870 3413 mum
882 3365 1008 3429 profirqil,
1022 3367 1144 3427 eiuqrdura
1155 3368 1229 3413 soluit
1237 3401 1243 3417 .
1259 3372 1350 3429 utpote

800 3448 864 3481 nime
876 3438 900 3481 ia
912 3439 965 3480 tuto
977 3448 1005 3480 se
1017 3448 1074 3481 ease
1086 3438 1167 3480 retus.
1199 3431 1350 3497 Cingulum

800 3500 887 3563 igitur
908 3500 1069 3549 adstrictum
1091 3499 1190 3548 hulruit
1213 3505 1273 3549 toto
1295 3496 1349 3551 lro't·

800 3574 934 3633 ternpore,
960 3582 1012 3632 quo
1034 3584 1049 3615 e
1067 3567 1189 3616 Graecia
1205 3569 1350 3632 pmlectus

799 3634 909 3684 Abdera
921 3636 1010 3697 venit,
1029 3636 1076 3684 ubi
1094 3650 1155 3683 cum
1173 3635 1243 3684 satis
1258 3640 1348 3685 tutum

799 3717 829 3751 se
854 3718 914 3751 ease
938 3707 1062 3767 putaret,
1088 3702 1227 3767 cingulum
1251 3703 1347 3765 solvit,

799 3770 919 3833 quietem
932 3776 1070 3835 capturus.
1101 3771 1194 3819 Nimia
1206 3771 1295 3837 igitur
1307 3771 1347 3821 le-

798 3838 913 3886 stinatio
926 3839 999 3901 regIs
1009 3837 1175 3899 declaratur,
1188 3840 1349 3903 quaiugum

798 3907 963 3970 capessivit,
987 3920 1160 3969 summusque
1177 3907 1274 3968 timor,
1300 3924 1346 3967 ne,

797 3974 821 4023 si
834 3989 886 4038 quo
899 3972 961 4022 loco
970 3972 1077 4037 longius
1087 3988 1261 4023 commorans
1270 3976 1347 4039 quie·

798 4045 853 4089 tem
867 4046 996 4105 cuperet,
1015 4056 1032 4089 n
1045 4041 1161 4090 Graecis
1173 4041 1346 4106 insequenti·

799 4108 847 4157 bus
860 4108 1117 4171 deprehenderetur.
1148 4110 1188 4157 Ac
1201 4111 1298 4160 neseio
1311 4122 1346 4159 an

797 4176 849 4224 lrue
864 4177 960 4224 reterri
975 4177 1081 4240 possint
1093 4176 1347 4241 glossaeMoerIdIs

797 4260 824 4308 p.
840 4243 888 4291 lllil
906 4239 1019 4321 (ζώνιον
1035 4237 1067 4293 τό
1078 4246 1248 4318 γυναικεῖον
1265 4237 1346 4295 Ἀττι-

797 4308 866 4368 κῶς·
884 4311 972 4376 ζωνη
988 4302 1006 4376 ἡ
1020 4310 1072 4361 τοῦ
1083 4305 1214 4377 arderia),
1235 4314 1345 4364 Ammo·
