2932 5124
221 335 284 396 240
659 326 927 388 HERODOTI

222 510 360 590 κελείης.
409 506 443 570 oi
464 497 528 590 γὰρ
551 498 751 590 βοιωτάρχαι
777 501 1026 589 μετεπέμψαντο
1047 495 1126 579 τοὺς
1149 495 1371 589 προσχώρους

222 700 271 749 lll.
290 716 353 766 pag.
367 698 415 749 951
430 715 488 763 seq.
507 704 535 747 et
552 698 606 749 vid.
621 700 715 765 Poppo
733 698 768 748 ad
819 713 890 761 quae
913 699 986 749 iuter
1003 697 1136 748 Plataeas
1157 712 1190 746 ae
1207 697 1372 761 Tanagram

221 767 375 831 Thucydid.
394 768 420 831 1,
438 768 462 817 2.
482 783 545 831 pag.
559 767 609 816 262
627 767 689 818 coll.
709 768 768 817 Sia·
819 767 875 814 sita
891 768 982 831 Asopo
1001 766 1145 830 irrigatur,
1169 765 1258 814 minus
1276 764 1371 814 adbuc

222 836 277 886 bel.
297 835 331 884 ad
344 836 463 886 Pausan.
480 835 536 897 Ill¹
553 832 577 883 8.
597 836 620 895 ξ.
638 834 662 885 3.
680 851 708 900 p.
725 834 767 882 21.
820 834 958 898 cognitam
977 848 1011 883 ac
1023 833 1219 898 perlustratam
1235 847 1296 882 esse
1311 848 1372 881 me·

222 903 508 953 HaueDeceleamin
521 902 768 960 montesitam‚ad
819 902 872 950 rito
886 901 1018 951 dolemus.
1054 901 1249 951 eontlzruse:
1268 899 1372 950 Hellas

223 972 301 1020 euius
313 971 423 1020 radices
433 971 592 1019 uuncvicus
606 969 680 1018 Tucci
692 970 767 1019 inve·
818 968 898 1030 11,1.
917 985 981 1035 pag.
999 965 1049 1017 489
1066 982 1124 1033 seq.
1161 968 1246 1017 Vetus
1267 983 1372 1017 nomen

222 1041 309 1099 nitur,
323 1038 416 1103 plures
427 1037 481 1089 viri
493 1037 568 1086 docti
580 1045 656 1087 recte
669 1051 767 1102 posue·
819 1036 901 1085 fluvio
925 1036 1091 1086 remansisse
1115 1036 1237 1097 videtur,
1263 1037 1287 1084 si
1310 1036 1372 1101 qui-

222 1107 435 1171 ruut‚satisque
449 1105 476 1154 id
488 1110 567 1171 patet
581 1121 614 1154 ex
629 1106 676 1165 iis,
697 1120 766 1169 quae
819 1103 881 1152 dem
910 1119 1009 1153 revera
1038 1119 1110 1152 nune
1136 1119 1197 1153 eum
1221 1102 1371 1168 appellant

222 1175 352 1225 disseruit
375 1173 483 1223 Leuke:
511 1173 566 1222 Die
590 1173 697 1221 llemeu
718 1173 767 1221 At·
819 1172 921 1235 Asopo,
940 1177 970 1221 ut
982 1171 1081 1221 statuit
1093 1171 1195 1232 Krase3
1218 1172 1371 1220 Varieuris.

223 1243 302 1292 tiea's
320 1259 384 1308 pag.
405 1241 435 1291 13
449 1256 507 1304 seq.
523 1240 570 1290 128
589 1241 630 1290 erl.
646 1241 767 1289 Wester-
822 1240 947 1288 Variendi
962 1254 1035 1288 nunc
1053 1254 1115 1287 eum
1127 1239 1222 1288 vocari
1239 1237 1371 1303 plerique

223 1325 328 1372 manu.;
342 1310 396 1361 vid.
410 1324 516 1374 quoque
528 1308 628 1372 Finlay
638 1323 682 1372 ap.
690 1305 763 1356 Hoff—
818 1311 955 1357 testantur
978 1305 1140 1356 recentioris
1165 1306 1267 1356 aetatis
1288 1322 1372 1371 pere·

222 1392 328 1427 manu:
351 1377 406 1427 Alt.
425 1376 582 1442 Geograpb.
596 1376 631 1424 ll.
645 1391 711 1441 pag.
723 1373 765 1424 oo.
818 1375 986 1438 griuatores‚
1006 1388 1119 1438 quorum
1135 1373 1298 1423 testimonia
1312 1388 1371 1422 una

221 1444 326 1494 Eodem
340 1444 425 1495 ferme
437 1443 513 1505 loco,
533 1459 585 1508 quo
597 1443 681 1492 Tatoi
693 1457 766 1492 nunc
818 1456 879 1490 eum
896 1447 1020 1491 veterum
1037 1441 1106 1491 loeis
1124 1440 1219 1491 attulit
1230 1442 1371 1507 Forbiger

222 1513 352 1574 cernitur,
366 1511 489 1562 Decelea
498 1526 605 1577 quoque
618 1511 728 1576 ponitur
739 1512 768 1559 iu
818 1507 837 1557 l.
849 1508 868 1557 l.
880 1509 931 1558 111.
942 1525 968 1573 p.
978 1507 1037 1558 918.
1056 1508 1256 1573 Sphendalcusis
1267 1524 1370 1574 pagna,

222 1595 331 1645 mappa,
341 1595 422 1644 quam
430 1581 519 1630 Kruse
530 1580 649 1630 addidit:
663 1578 711 1629 sed
722 1578 768 1627 ad·
819 1574 865 1641 qni
879 1576 914 1626 ad
922 1576 1186 1641 Hippotboontidem
1195 1576 1299 1626 tribum
1308 1592 1371 1642 per·

222 1648 353 1713 scriptum
376 1648 416 1696 ibi
433 1647 534 1713 legitur
556 1663 656 1697 nomen
673 1646 768 1696 Korio-
818 1645 914 1707 tinuit,
940 1644 1045 1694 anullo
1063 1644 1119 1695 alio
1138 1650 1371 1695 commemoratur

221 1714 325 1766 kleides.
344 1716 383 1766 Ae
396 1730 463 1765 sane
477 1716 523 1780 qui
535 1732 568 1765 ea
578 1715 673 1766 Attica
683 1715 768 1764 Boeo·
818 1713 965 1777 scriptorez
983 1712 1012 1761 id
1023 1726 1107 1761 unum
1119 1716 1211 1777 patet,
1225 1714 1303 1763 iutra
1315 1713 1371 1762 De·

221 1785 290 1832 tiam
314 1783 430 1833 tendunt
452 1783 504 1833 bac
529 1784 588 1843 ria,
620 1797 691 1846 quae
718 1797 767 1847 per
819 1780 926 1830 celeam
944 1796 976 1830 ae
994 1780 1154 1845 Tanagram
1172 1781 1201 1829 in
1217 1781 1310 1830 Attici
1329 1786 1370 1831 at·

221 1850 371 1901 Deceleam
395 1852 485 1912 ducit,
510 1852 574 1900 inde
596 1851 767 1900 adscendunt
819 1864 870 1913 que
880 1848 1041 1913 Tanagraei
1051 1849 1111 1913 agri
1124 1846 1254 1898 confiniis
1265 1863 1370 1914 pagum

221 1918 384 1968 orientalem
396 1923 515 1967 tractum
529 1919 676 1967 Parnetlris
694 1933 767 1967 mon·
819 1917 903 1965 fuisse
917 1916 1011 1966 situm:
1026 1916 1142 1966 Krusius
1155 1915 1233 1965 illum
1247 1916 1277 1966 in
1289 1933 1369 1982 map-

222 1986 271 2047 tia,
293 1986 371 2034 euius
384 1986 529 2034 eacumina
542 1984 643 2034 altiora
660 1985 766 2035 adlae·
817 1999 853 2048 pa
878 1983 1068 2049 geographica
1092 1983 1230 2033 iudicarit
1255 1989 1371 2050 septen·

222 2068 284 2103 vam
297 2052 468 2117 relinquunt:
482 2052 580 2101 deinde
594 2052 687 2101 ianam
698 2055 765 2101 San·
817 2052 936 2101 trionem
949 2066 1044 2102 versus
1056 2067 1074 2101 a
1087 2051 1211 2101 Decelea
1223 2050 1257 2113 (a.
1271 2052 1369 2102 Koria

223 2121 261 2170 eti
273 2120 404 2169 Mercurii
416 2118 580 2185 transgressi
593 2120 766 2169 inBoeotiae
817 2117 950 2183 kleides):
969 2118 1065 2169 Lealse
1085 2118 1102 2168 l.
1121 2119 1139 2168 l.
1158 2119 1231 2169 haud
1251 2120 1313 2170 seio
1334 2135 1370 2170 an

221 2187 367 2254 planitiem
384 2186 555 2237 descendunt
572 2202 656 2253 prope
675 2187 766 2236 vicum
817 2186 920 2236 rectius
933 2186 1011 2236 illurn
1030 2202 1063 2236 eo
1076 2187 1135 2237 lere
1148 2186 1209 2236 loco
1222 2186 1312 2237 fuisse
1325 2203 1369 2238 su·

221 2247 391 2320 Μπουγιείτι
403 2254 535 2319 (Repeti),
555 2256 601 2319 qui
615 2269 671 2305 non
683 2254 765 2319 longe
817 2254 952 2319 spicetur,
970 2254 1019 2304 ubi
1031 2254 1122 2304 Sancti
1133 2254 1262 2305 Mercurii
1273 2256 1370 2305 tanum

222 2324 303 2374 abest
328 2340 344 2374 a
367 2328 463 2374 vetere
484 2322 605 2388 Tanagra
627 2323 687 2374 sive
710 2323 766 2373 (iri-
819 2336 891 2371 nunc
909 2325 1009 2372 exstat.
1044 2321 1369 2390 Finlayl.l.inmappa

220 2392 326 2454 madia,
344 2397 376 2440 ut
393 2406 465 2441 nune
484 2391 536 2440 iste
554 2390 630 2441 loeus
642 2395 767 2454 vocatur,
819 2389 933 2440 adiecta
948 2389 1022 2439 hune
1040 2405 1140 2456 pagum
1159 2390 1194 2440 ad
1213 2391 1320 2441 iontem
1333 2393 1370 2441 ri-

222 2460 257 2510 ad
279 2460 368 2525 ipsum
385 2459 496 2512 flurium
513 2460 641 2524 Asopum.
660 2486 691 2494 —
714 2458 767 2509 Pro
818 2457 964 2522 aulamque
973 2458 1216 2523 propeMalakasa
1227 2460 1315 2509 situm
1327 2460 1369 2508 in·

220 2528 297 2594 vulg.
316 2521 457 2594 Δεκελέης
475 2543 489 2577 ε
508 2526 685 2589 Florentino,
704 2525 767 2575 aliis
819 2524 904 2577 dicat.
941 2524 1021 2575 Cous.
1041 2527 1125 2575 etiam
1139 2527 1222 2576 Rosa:
1241 2527 1299 2577 Die
1312 2529 1369 2577 De-

222 2606 283 2645 enm
300 2595 443 2646 Dietsebio
461 2596 572 2660 reposui
589 2592 766 2659 Δεκελείης,
819 2608 882 2641 men
905 2608 958 2642 ron
982 2593 1076 2644 Attica
1100 2610 1163 2660 pag.
1181 2592 1223 2644 36.
1246 2609 1289 2644 nr.
1310 2594 1368 2645 138.

220 2664 355 2728 probante
372 2663 508 2713 Bredovio
525 2677 589 2728 pag.
610 2661 670 2725 1883
694 2662 767 2712 idern
822 2660 944 2725 Taaapra
960 2662 1039 2724 urbs,
1058 2662 1149 2726 priseo
1166 2676 1236 2711 aevo
1254 2663 1369 2712 condita

221 2732 277 2781 ieci
291 2747 352 2796 cap.
364 2730 397 2781 73
410 2732 489 2780 buius
502 2729 576 2781 libri.
818 2726 866 2790 (el.
878 2728 980 2778 Herod.
991 2729 1023 2790 V,
1036 2729 1089 2792 57),
1103 2729 1148 2780 vel
1160 2731 1258 2781 seriori
1272 2736 1367 2780 aetate

255 2792 284 2850 ei
296 2794 350 2864 γὰρ
364 2792 537 2865 βοιωτάρχαι
545 2791 650 2862 μετεπέ
669 2804 767 2860 uerae
818 2796 892 2844 inter
904 2797 1039 2846 Boeotiae
1057 2798 1139 2847 urbes
1158 2798 1286 2847 eminuit.
1323 2798 1367 2848 Ia·

220 2859 287 2925 τοὺς
296 2861 479 2931 προσχώρους
488 2863 545 2915 soie
555 2857 639 2915 Aaou
653 2869 703 2923 ora]
715 2867 732 2929 i.
741 2880 765 2913 e.
819 2864 877 2913 cuit
899 2864 927 2912 in
949 2865 1062 2929 regione
1081 2864 1235 2915 laetissima
1251 2867 1368 2932 uinique

221 2936 376 2998 Asopicram
394 2935 766 2996 aeeolnsaellnitinrosar‘ees-
819 2930 1001 2993 feracissima,
1016 2947 1086 2996 quae
1098 2933 1222 2982 Euboico
1235 2934 1309 2983 mari
1320 2950 1367 2999 op·
1453 2988 1454 2991 ,

220 3003 333 3051 siverunt
344 3002 526 3061 boeoturedue,
546 3000 668 3065 quisunt
680 2999 766 3064 magi·
818 2999 909 3063 posita
922 3014 1051 3049 oceasum
1061 3014 1156 3050 versus
1165 3001 1369 3051 terminabatur

221 3073 325 3118 stratus
344 3068 487 3118 civitatum
498 3067 694 3119 Boeotiearnm
708 3067 767 3117 ioe-
819 3081 886 3131 agro
898 3067 1042 3118 Thebaico
1055 3068 1114 3118 sire
1125 3067 1297 3130 Plataeensi,
1312 3086 1367 3120 me-

222 3136 286 3186 dere
304 3138 470 3199 iunetarum‚
496 3136 622 3186 undecim
644 3149 766 3198 numero,
818 3134 1020 3185 ridiemrersus
1030 3136 1158 3201 Oropieo.
1176 3136 1367 3203 Tavid.quae

221 3204 272 3253 illa
285 3209 361 3254 eerte
375 3209 481 3266 aetate,
500 3202 603 3270 singuli
622 3203 767 3268 esingulis
818 3200 899 3267 plura
916 3202 1067 3253 afferuntur
1084 3204 1117 3254 de
1135 3204 1188 3254 bac
1206 3204 1276 3255 urbe
1294 3205 1368 3272 apud

221 3272 317 3323 deceni
330 3272 490 3322 civitatibus
502 3272 595 3333 electi,
610 3287 669 3321 cum
682 3272 766 3322 unde·
817 3270 1010 3336 Forbigerum:
1039 3270 1150 3322 Handb.
1174 3272 1201 3321 d.
1223 3272 1274 3325 alt.
1295 3273 1367 3324 Geo-

221 3342 321 3391 cimum
344 3339 459 3390 adderet
481 3338 674 3391 Thebanorum
698 3340 767 3391 ciui·
818 3338 914 3403 graph.
928 3340 979 3389 lll.
996 3356 1024 3405 p.
1034 3338 1085 3389 924
1100 3346 1128 3389 et
1142 3340 1367 3406 inTanagraea·

220 3413 277 3458 tas:
297 3409 330 3458 de
344 3406 696 3472 quorumboeotarcbarum
709 3423 765 3457 mu·
817 3421 876 3455 rum
894 3407 1041 3471 antiquitt.
1055 3407 1225 3473 Specimine,
1251 3414 1367 3459 anctore

220 3491 287 3525 nere
304 3476 359 3526 vid.
373 3476 407 3525 K.
420 3476 464 3525 W.
477 3474 602 3525 Mueller.
616 3476 656 3524 in:
676 3475 766 3539 Pauly
816 3474 915 3525 Aemil.
934 3475 1113 3526 Scholderero
1134 3475 1268 3538 (Berolin.
1290 3476 1367 3539 1855)

220 3542 523 3609 Realencyelopaed.1.
537 3558 563 3607 p.
576 3542 648 3603 1135,
663 3544 764 3594 Seboe·
815 3542 869 3608 ps
883 3548 911 3592 et
922 3558 999 3608 seqq.
1021 3545 1112 3609 Atque
1125 3548 1264 3595 statuerat
1276 3545 1367 3596 Kruse
1452 3588 1453 3613 p

220 3628 316 3661 mann:
337 3610 448 3661 Grieeb.
461 3610 577 3660 Altertlr.
591 3611 627 3660 II.
645 3626 709 3677 pag.
723 3610 764 3670 73,
816 3610 997 3673 (Hell.11‚l.
1015 3628 1041 3677 p.
1055 3610 1105 3662 619
1122 3627 1197 3676 seqq.
1216 3609 1269 3661 624
1286 3612 1366 3678 seq),
1452 3642 1453 3645 =

220 3680 250 3730 C.
264 3681 311 3729 Pr.
324 3680 480 3730 Hermann:
499 3678 611 3729 Grieeh.
629 3679 765 3728 Staatsal·
817 3694 887 3744 quae
906 3679 996 3730 adbuc
1013 3695 1097 3745 prope
1116 3679 1250 3730 Sliraiteri
1267 3696 1290 3730 s.
1306 3680 1366 3730 Str-

220 3748 302 3797 terth.
316 3749 340 3808 ξ.
353 3746 401 3797 179
411 3746 453 3797 ed.
465 3753 554 3811 quart.
573 3747 689 3812 Asopius
702 3747 764 3797 dieo
816 3749 877 3798 maii
893 3744 949 3813 [vel
966 3749 1056 3813 potius
1072 3747 1224 3809 Stomatas,
1249 3753 1280 3797 nt
1298 3748 1366 3798 aiibi

220 3830 282 3878 eos,
300 3815 346 3880 qui
360 3815 445 3879 Asopi
458 3815 535 3864 fluvii
552 3815 587 3864 ad
599 3814 675 3879 ripas
687 3814 764 3864 habi·
815 3814 867 3865 hoc
890 3831 989 3866 nomen
1017 3816 1075 3865 vici
1099 3817 1233 3882 scriptum
1259 3813 1366 3880 inveni]

220 3887 289 3931 tant.
330 3882 385 3943 Qui
406 3882 503 3931 fluvius
525 3898 611 3947 prope
632 3881 764 3932 Plataeas
816 3884 991 3948 reperiuntur
1018 3884 1128 3941 ruinae,
1158 3899 1208 3932 sex
1235 3883 1366 3934 horarum

220 3965 297 3999 orsus
309 3948 428 4014 indeque
441 3956 540 3999 auctus
551 3949 658 4014 aliquot
669 3949 766 4003 rivulis
816 3952 906 4016 spatio
925 3967 942 4001 a
953 3951 1058 4002 Thebis
1074 3952 1141 4017 ipsis
1158 3956 1297 4013 remotae,
1317 3966 1366 4003 eas

221 4024 249 4066 et
263 4018 489 4081 'Tanagraeorum
507 4018 542 4067 ad
560 4032 673 4081 campos
692 4017 766 4067 dela·
817 4018 852 4067 ad
870 4026 991 4070 veterem
1006 4021 1165 4085 Tanagram
1182 4019 1365 4083 pertinuisse3

220 4090 265 4133 tus
288 4100 372 4165 prope
389 4082 510 4150 Oropum
535 4101 568 4135 ae
586 4083 766 4149 Delphinium
817 4087 1087 4153 undequadraginta
1099 4087 1192 4137 stadia
1205 4087 1300 4138 abfuit
1313 4089 1365 4138 De·

221 4154 290 4204 mari
308 4157 453 4214 miscetur3
477 4168 549 4202 nune
568 4154 667 4218 exiguo
684 4153 765 4203 alveo
816 4155 873 4204 lium
889 4160 1002 4219 portus,
1024 4154 1070 4205 eui
1086 4170 1159 4205 nunc
1177 4170 1277 4205 nomeu
1296 4158 1364 4206 Dra·

220 4218 421 4289 duoressertur
450 4224 478 4270 et
507 4221 666 4271 exsiccatus
692 4221 764 4271 fere:
816 4222 948 4285 miriivid.
961 4229 1029 4277 nott.
1042 4222 1219 4275 adHerodot
1233 4222 1365 4287 valis),

221 4290 384 4355 quamquam
401 4290 484 4341 istam
496 4289 635 4355 regionem
649 4304 764 4353 omnem,
816 4291 934 4356 triginta
950 4291 1048 4359 stadiis
1061 4293 1148 4343 distat
1159 4290 1279 4359 Oropus.
1309 4293 1366 4357 Ilpa
