2984 5154
450 418 656 480 unium.
679 420 769 480 vm.
791 429 923 483 ιι-ιι.
1109 382 1115 391 ’
1195 427 1232 487 οι

112 614 196 676 ρωμα
212 585 425 679 παρεχόμενοι
443 585 480 659 et
498 591 553 658 καλ
573 585 625 659 ἐπ’
643 585 845 684 Ἀρτεμισίῳ,
866 590 1047 662 Σικυώνιοι
1066 592 1103 661 δὲ
1121 619 1234 662 πεντε-

112 693 237 758 καίδεκα
259 696 454 789 παρείχοντο
469 692 565 779 νέας,
587 685 794 781 Ἐπιδαύριοι
813 692 850 761 δέ
870 695 966 781 δέκα,
996 691 1178 781 Τροιζήνιοι
1197 695 1235 764 δέ

111 791 212 892 πέντε·
244 785 429 881 Ἑρμιονέες
452 792 491 861 δὲ
513 809 619 883 τρεῖς,
651 790 759 873 ἐόντες
782 782 890 883 οὗτοι,
923 791 1011 882 πλὴν
1036 789 1235 884 Ἑρμιονέων

110 889 255 982 Δωρικόν
271 920 307 962 τε
329 892 385 963 καλ
403 890 587 965 Μακεδνὸν
610 898 726 982 ἔθνος,
753 897 785 977 ἐξ
811 889 960 984 Ἐρινεοῦ
975 899 1083 965 τεκαὶ
1101 903 1234 967 Πίνδου

25 1002 26 1007 ’
110 996 156 1061 καί
177 996 233 1081 ’τῆς
250 999 445 1083 Δρυοπίδος
462 991 587 1077 ὕστατα
604 990 818 1085 ὁρμηθέντες.
859 1001 896 1066 οί
910 998 948 1067 δὲ
961 991 1146 1087 Ἑρμιονέες
1168 1000 1234 1089 ,εἰσὶ

108 1092 267 1184 Δρύοπες,
286 1090 354 1165 ded
366 1091 544 1186 Ἡρακλέος
562 1123 598 1166 τε
616 1098 672 1166 καὶ
691 1100 851 1186 Μηλιέων
869 1102 905 1169 ἐκ
922 1100 979 1187 της
996 1101 1062 1169 νύν
1079 1104 1234 1191 Δωρίδος

25 1222 27 1291 ι
108 1199 294 1286 καλεομένης
318 1195 427 1288 χώρης
450 1196 695 1282 ἐξαναστάντες.
736 1188 828 1270 οὖτοι
850 1204 912 1290 μέν
933 1229 1000 1271 νυν
1021 1209 1233 1289 Πελοποννη-

68 1304 185 1373 ωοοίων
201 1296 446 1389 ἐστρατεύοντο.
485 1305 530 1369 Ol
546 1300 583 1369 δὲ
602 1303 638 1370 ἐκ
654 1303 712 1389 τῆς
730 1304 791 1384 ἔξω
808 1297 966 1391 ἠπείρου,
982 1298 1154 1390 Ἀθηναῖοι
1170 1303 1280 1392 nivii

105 1395 177 1488 τρδς
201 1397 328 1482 πάντας
358 1399 436 1483 τούς
461 1397 582 1483 ἄλλους
608 1400 826 1493 παρεχόμενοι
852 1405 929 1484 νέας
959 1399 1152 1492 ὀγδώκοντα
1178 1406 1234 1473 καὶ
1335 1474 1339 1482 ,

104 1611 192 1661 neres,
209 1599 255 1663 qui
269 1599 307 1648 sd
318 1598 495 1649 ArtemIsium
514 1615 568 1650 non
586 1600 639 1649 nisi
690 1616 762 1663 neos,
788 1607 900 1652 auctore
918 1603 1019 1652 Krusio
1037 1603 1076 1665 ll,
1096 1603 1120 1650 2.
1140 1619 1165 1668 p.
1186 1601 1234 1654 103

104 1665 388 1731 dereupraebuersnt:
401 1668 456 1717 vid.
469 1668 545 1729 VIII,
561 1667 574 1716 l
588 1668 639 1717 ibi·
691 1667 754 1718 coll,
772 1668 804 1718 97
822 1685 895 1734 ssq.,
919 1670 954 1720 ad
973 1670 1132 1719 Callidromi
1159 1687 1233 1721 mou-

104 1746 147 1796 que
161 1739 227 1784 nott
263 1734 309 1783 De
329 1734 482 1785 Corinthiis
503 1740 585 1800 atque
604 1734 638 1784 de
689 1737 726 1785 tis
743 1735 932 1786 declivitatem
946 1753 1031 1802 prope
1044 1736 1234 1788 Pelseochors

102 1800 239 1864 Sicyoniis,
254 1802 304 1867 qui
316 1803 448 1852 duodecim
460 1818 546 1853 naves
558 1818 638 1868 prae·
690 1805 787 1867 queeri
799 1803 896 1866 debet,
909 1805 1008 1855 Pindus
1022 1808 1114 1854 sutem
1127 1805 1161 1854 ad
1175 1805 1233 1855 fou-

103 1865 213 1931 buerant,
226 1868 411 1931 tidibidem3
424 1870 638 1934 Epidauriiocto
690 1876 732 1920 tes
749 1870 832 1921 Pindi
849 1871 935 1922 fluvii.
965 1873 1016 1921 ilat
1033 1872 1180 1937 primarius
1198 1873 1231 1922 de

103 1934 287 1998 exhibuerant,
308 1936 456 1987 Troezenii
468 1940 576 2004 quinque
588 1954 637 1988 na·
689 1937 732 1989 his
745 1938 823 1989 locus
835 1937 978 1989 Strabonis
990 1940 1037 1989 1x.
1051 1956 1077 2004 p.
1089 1940 1139 1988 427
1158 1940 1231 2003 (coll.

101 2016 153 2063 res3
174 2005 367 2067 Eretrienses,
394 2006 440 2070 qui
462 2005 498 2055 ad
522 2005 639 2055 Artemi·
690 2004 725 2055 X.
736 2022 763 2071 p.
777 2004 827 2055 476
846 2011 874 2056 et
890 2007 965 2056 VIII.
981 2024 1008 2073 p.
1021 2005 1095 2071 362),
1115 2023 1167 2072 quo
1186 2023 1233 2058 su-

25 2132 26 2167 t
100 2069 638 2191 tttttwtttlt‘tttlt
690 2078 771 2193 iiii
793 2075 893 2193 Ῑλλὲλ
911 2065 1233 2194 πῗίλῗιίῖ’”λίῗιίί;

102 2213 291 2269 nenorensem
315 2157 541 2272 tiermioneni’es,
572 2224 637 2274 quo·
690 2180 884 2288 (quae’Dorum
896 2179 968 2260 istra
988 2180 1233 2276 olisperbibeturl·

101 2287 148 2322 ruru
163 2290 245 2340 suprs
264 2274 357 2339 (VIII,
379 2274 403 2339 Ι)
421 2276 497 2326 nulla
516 2282 577 2326 erat
594 2278 638 2326 ia·
688 2279 854 2342 vasensium
877 2267 908 2328 δ’
924 2269 942 2343 ἡ
962 2227 1073 2336 έλίνδος
1094 2276 1146 2330 τοῦ
1164 2269 1233 2343 Ἐρι-

101 2345 138 2389 cte
153 2342 269 2405 mentio,
299 2341 354 2392 bec
376 2341 438 2393 loco
457 2343 636 2407 adiiciuntur,
689 2343 770 2406 esee,
793 2347 937 2410 παραρρεῖ
959 2336 989 2395 δ’
1012 2336 1104 2410 αὐτὴν
1127 2338 1233 2411 ὁμώνυ-

101 2406 126 2456 Ιε
146 2408 186 2459 bis
208 2410 246 2461 ci.
265 2410 351 2487 vm,
371 2409 404 2461 te
426 2411 520 2476 ibique
539 2412 635 2462 eliste.
687 2427 740 2478 μος
758 2407 885 2493 χιοταρδς
903 2404 1050 2477 ἐμβάλλων
1062 2407 1233 2490 είςτδνυΚη-

100 2475 132 2524 ld
156 2492 252 2528 vocem
285 2478 439 2544 πληρωμα,
469 2493 524 2543 qua
551 2493 637 2531 naves
689 2492 792 2543 φιοοον
810 2495 844 2530 oe
862 2473 935 2530 πολὺ
952 2478 1002 2545 τῆς
1019 2478 1141 2539 Λιλαίας
1157 2495 1234 2530 cuo·

101 2546 164 2606 ipsse
185 2561 243 2596 une
266 2560 335 2596 cum
353 2546 503 2612 remigibus
521 2547 637 2597 classis·
688 2547 758 2598 θεν·
786 2541 862 2604 τινες
885 2537 915 2597 δ’
940 2540 1098 2612 Ἅκίφαντα
1120 2540 1233 2611 λέγουσι

102 2610 187 2678 disque
204 2614 388 2675 iudicentur,
406 2615 442 2663 cs.
462 2614 540 2676 VIII,
563 2614 584 2664 Ι.
687 2606 743 2680 τήν
760 2612 882 2666 Πίνδου.
917 2614 995 2664 Alios
1016 2620 1139 2665 veterum
1158 2615 1234 2664 locos

124 2677 249 2745 depastis
260 2695 299 2732 τε
311 2676 361 2731 ααλ
369 2672 529 2732 Μακεδνὸν
538 2675 636 2746 ἔθνος]
688 2682 824 2732 excitavit
841 2681 989 2747 I‘orbiger:
1010 2681 1120 2731 Hendb.
1139 2682 1164 2730 d.
1185 2681 1233 2731 alt.

103 2745 175 2799 liores
193 2765 226 2800 se
245 2748 422 2799 Macedones
445 2750 497 2799 hoc
515 2750 577 2799 loco
594 2752 637 2800 sic
689 2750 789 2816 Geogr.
809 2750 858 2800 111.
878 2764 941 2815 pag.
953 2747 1016 2812 903,
1037 2750 1083 2814 qui
1101 2764 1154 2814 quo
1172 2749 1233 2799 loco

102 2812 233 2881 lugentur
256 2816 347 2881 (quod
369 2816 414 2867 vel
435 2817 590 2882 particulae
607 2831 638 2868 τε
689 2818 820 2867 Eriueum
833 2818 954 2868 iacuisse
966 2822 1046 2882 putat
1057 2817 1154 2879 Kruse,
1166 2817 1233 2867 Ero·

99 2880 138 2932 ut
153 2883 329 2948 declarent),
352 2888 384 2933 ut
406 2885 540 2950 distingui
562 2901 637 2951 pror·
689 2885 742 2947 stt,
762 2900 833 2950 quse
851 2886 916 2935 urbs
930 2884 1124 2947 esthocidis‚
1143 2886 1234 2935 locum

100 2964 136 2999 sus
148 2955 307 3018 nequeant,
326 2952 362 3001 sd
373 2966 456 3002 unam
469 2953 638 3018 eandemque
691 2953 875 3018 quaerendum
894 2968 955 3004 esse
972 2950 1147 3019 pronuntint'
1170 2953 1234 3003 Dis-

99 3018 200 3085 ttirpem
216 3020 364 3072 referendi
382 3025 411 3069 et
421 3035 471 3085 pro
487 3020 638 3085 gentilibus
690 3021 776 3070 seruit
792 3036 899 3087 qnoque
917 3021 951 3070 de
970 3022 1023 3070 hec
1041 3020 1108 3069 urbe
1127 3019 1231 3071 Eclrer·

99 3084 161 3144 (noer
183 3086 485 3153 „Stsmmgenossen“)
508 3088 637 3139 habendi.
690 3104 772 3138 mann
785 3090 826 3139 in:
846 3088 1009 3138 zeitschrift
1021 3089 1039 3139 f.
1052 3087 1233 3138 Altertbums·

100 3152 167 3213 Quod
183 3157 290 3207 merito
303 3155 422 3205 attendit
433 3156 476 3205 vir
488 3155 584 3206 doctus
596 3157 639 3205 in:
689 3158 761 3207 wiss.
787 3156 860 3206 1841.
885 3171 949 3222 pag.
976 3155 1049 3206 1148.
1067 3182 1101 3191 -
1123 3158 1156 3207 ln
1179 3155 1233 3205 fine

98 3217 162 3272 Hsil
172 3223 241 3274 Litt.
252 3223 329 3273 Zeit.
342 3221 415 3274 1837.
426 3239 466 3273 nr.
475 3222 531 3274 106.
543 3222 637 3289 pete,
689 3240 751 3302 cop.
764 3224 1043 3290 Schweiglrneuserus
1061 3228 1124 3289 post
1136 3215 1232 3287 έοτρα·

97 3292 237 3354 reprobsns
261 3306 329 3341 eam
350 3291 530 3355 sententiam,
558 3306 639 3356 quarn
688 3305 806 3342 ττνοντο
824 3293 912 3342 miuus
930 3297 958 3341 et
969 3296 1032 3357 post
1042 3284 1165 3357 einzelnen
1178 3307 1233 3341 me·

99 3355 124 3404 C.
139 3358 171 3408 ΙΙ.
185 3359 354 3410 Lachmann
373 3357 512 3425 (Spartan.
531 3358 638 3410 Staets·
689 3360 732 3410 ius
743 3365 874 3425 punctum
886 3361 952 3426 poni
965 3360 1036 3410 vult:
1055 3358 1089 3409 de
1103 3375 1155 3424 quo
1172 3363 1234 3408 utut

97 3426 203 3477 recissa
217 3444 289 3494 pag.
298 3425 343 3488 et)
355 3427 495 3492 professus
509 3433 577 3490 erat,
592 3427 639 3492 qui
690 3429 802 3491 statuis,
822 3428 857 3478 ad
874 3429 961 3478 verbe
979 3420 1009 3478 ολ
1026 3420 1059 3477 δὲ
1072 3417 1103 3478 έιι
1115 3425 1165 3493 τῆς
1181 3416 1234 3489 ἔξω

98 3490 176 3544 liores
210 3511 246 3547 ex
280 3509 335 3559 quo
363 3500 486 3560 tempore
519 3494 639 3561 proiecti
689 3484 812 3561 ἠπείρου
841 3500 916 3545 rente
934 3494 1113 3560 repetendum
1132 3495 1185 3544 crit
1200 3510 1234 3544 ex
1278 3542 1280 3547 .

98 3560 147 3609 tint
163 3578 178 3611 s
194 3561 413 3629 septentrionali
430 3562 590 3625 Thessalis,
610 3563 640 3612 iu
691 3562 919 3613 antecedentibus
945 3553 1157 3626 ἐστρατεύοντο,
1187 3577 1234 3611 ne-

99 3625 158 3679 λαις
175 3646 283 3697 easque
301 3629 426 3680 diverses
444 3632 545 3696 stirpes
562 3630 636 3693 (nos:
690 3647 740 3696 que
769 3646 837 3697 opus
859 3630 967 3681 videtur
992 3630 1127 3695 reingere
1155 3626 1234 3680 οἵδε

99 3694 262 3763 „summes
283 3697 387 3748 divisos
405 3712 466 3748 esse
487 3700 637 3757 contendit,
690 3692 742 3763 db,
770 3699 841 3765 quod
863 3699 1006 3764 proposuit
1023 3698 1234 3763 Schweighaeu-

100 3761 206 3815 tltsrsrn
215 3766 637 3831 Dymmemiuuquoseosdcm
689 3782 767 3817 serus
794 3767 976 3832 probavitque
1004 3765 1108 3815 Herold
1134 3766 1234 3815 Emen-

99 3844 151 3882 usse
167 3835 248 3899 pouit
267 3849 302 3884 sc
320 3833 502 3896 Macedones,
522 3834 638 3885 alteram
690 3834 757 3885 dett.
777 3834 922 3885 Herodoti.
940 3834 971 3883 P.
991 3834 1014 3883 Ι.
1033 3849 1096 3899 pag.
1119 3832 1157 3885 14.

98 3897 296 3964 Hylleensium,
317 3902 364 3967 qui
381 3901 465 3952 iidem
483 3902 586 3952 fuerint
598 3908 639 3951 at-

99 3980 144 4031 que
160 3970 258 4020 Dones.
299 3969 343 4019 Tu
365 3970 420 4019 vid.
442 3978 515 4036 quse
539 3970 573 4020 de
595 3969 638 4019 bis
870 4002 928 4053 ΟΜ,
957 4004 1045 4054 XLIV

100 4039 244 4088 monuimus
271 4037 308 4088 sd
326 4038 354 4101 1,
373 4035 420 4100 56,
445 4038 508 4088 coll.
527 4038 556 4100 Ι,
582 4036 637 4087 146.
930 4041 937 4054 ·
1047 4042 1053 4054 “

100 4099 333 4158 denuntiem:
351 4105 452 4155 Donl.
471 4122 497 4171 p.
516 4105 573 4167 175,
593 4106 639 4170 qui
724 4095 795 4169 πρὸς
812 4100 923 4164 πάντας
940 4098 1006 4163 τοὺς
1029 4095 1144 4171 ἄλλους]
1171 4105 1188 4156 i.
1208 4121 1232 4155 e.

100 4178 183 4223 mouet
194 4174 375 4237 Hermionen,
389 4187 470 4238 quum
483 4173 640 4224 Herodotus
687 4189 755 4238 prae
766 4176 823 4223 asse
832 4175 952 4235 omnibus,
963 4179 994 4223 ut
1003 4174 1053 4234 III,
1064 4174 1105 4235 94,
1118 4174 1166 4223 ubi
1176 4164 1232 4223 vid.

98 4236 167 4299 vul,
179 4238 216 4291 78
225 4241 292 4307 ‘lubi
304 4241 359 4290 vid.
372 4239 453 4304 nott)
471 4242 638 4307 Dryopicam
691 4246 758 4293 nott.
783 4243 912 4305 „Misenis
924 4240 1019 4301 vero,“
1033 4243 1073 4291 eit
1085 4241 1233 4304 Schweipt„

98 4307 219 4372 sppellst
234 4309 392 4371 civitatem,
417 4314 513 4374 poetes
537 4309 572 4359 ab
590 4309 639 4358 dr·
691 4314 859 4374 „quopscto
876 4314 918 4359 tot
935 4310 1051 4359 novibus
1070 4307 1233 4358 adsalami-

100 4372 167 4438 girls
179 4368 293 4444 ceptum
306 4376 399 4428 fusse.
419 4376 533 4428 Erlneon
545 4392 568 4428 s.
579 4376 639 4427 Eri·
690 4392 752 4427 uem
780 4393 903 4443 pugnare
929 4377 1113 4426 Athenienses
1139 4380 1233 4441 potue·
