2932 5124
399 368 606 430 nedum.
628 370 719 431 vrn.
742 331 909 435 ree—'rer
1158 375 1219 437 eor

98 546 144 628 ελή
158 544 209 610 καλ
229 537 404 631 εὐεργέτης
422 535 440 610 ὁ
455 536 680 632 Ἀλέξανδρρς,
699 549 831 632 ἔπεμπε.
850 540 928 623 τούς
944 540 1008 633 γὰρ
1023 538 1222 633 Ἀθηναίους

97 638 173 711 οὕτω
190 641 301 712 ἐδόκεε
318 640 459 732 μάλιστα
470 641 749 732 προσκτήσεσθαι,
767 641 853 715 λεω’ν
864 672 900 714 τε
912 642 1035 717 πολλόν
1046 642 1111 735 ἄρα
1121 642 1221 716 ἄκου’-

98 772 138 813 ων
159 743 242 814 εἶναι
266 746 323 814 καλ
344 740 499 834 ἄλκιμον·
533 742 574 814 τά
591 772 627 815 τε
644 742 727 815 κατὰ
743 743 805 835 τήν
821 744 998 817 θάλασσαν
1015 745 1222 837 συντυχόντα

97 867 148 934 σφι
163 844 343 935 παθήματα
360 849 667 936 κατεργασαμένους
683 844 825 936 μάλιστα
839 844 1039 936 Ἀθήναίους
1050 844 1219 937 ήπίστατο.

97 946 211 1017 τούτων
235 947 274 1017 δὲ
296 951 573 1038 προσγενομένων
599 946 773 1039 κατήλπιζε
796 945 958 1031 εὐπετέως
974 953 1033 1039 τής
1049 949 1222 1039 θαλάσσης

97 1046 277 1137 κρατήσειν,
312 1047 352 1119 τό
374 1074 437 1138 περ
460 1043 505 1120 ἂν
527 1038 662 1139 καλήν
689 1053 772 1141 πεζῇ
793 1079 830 1122 τε
853 1048 965 1122 ἐδόκεε
987 1049 1112 1123 πολλόν
1135 1051 1221 1122 εἶναι

97 1154 245 1238 κρέσσων·
282 1147 370 1221 οὕτω
392 1179 428 1221 τε
451 1154 611 1240 ἐλογίζετο
634 1149 829 1243 κατύπερθέ
848 1158 883 1223 ολ
903 1150 943 1222 roi
960 1152 1134 1243 πρήγματα
1152 1160 1220 1224 ἔσε-

96 1264 166 1323 σθαι
179 1253 248 1323 τῶν
260 1248 471 1342 Ἑλληνικῶν.
507 1251 588 1342 τάχα
613 1248 646 1323 δ’
671 1248 714 1324 ἂν
736 1256 792 1324 καλ
814 1251 855 1326 τὰ
871 1253 1053 1345 χρηστήρια
1068 1252 1172 1327 ταῦτα’
1189 1261 1224 1326 ολ

96 1357 252 1443 προλέγοι,
276 1352 552 1444 συμβουλεύοντα
573 1352 748 1446 σύμμαχον
765 1352 823 1427 τόν
838 1353 1018 1445 Ἀθηναϊόν
1034 1362 1070 1427 ολ
1084 1355 1221 1447 ποιήσα-

96 1467 174 1526 σθαι·
191 1472 278 1527 τολσι
297 1454 340 1544 δή
358 1455 556 1545 πειθόμενος
575 1464 707 1548 ἔπεμπε.

163 1561 231 1628 nni
259 1558 296 1628 βλ
316 1554 535 1647 Ἀλεξάνδρου
557 1556 678 1629 τούτου
702 1562 842 1650 ἕβδομος
863 1561 1006 1651 γενέτωρ
1029 1567 1288 1650 Περδίκκης137

96 1662 163 1747 iod,
178 1655 196 1731 ὁ
214 1658 420 1751 κτησάμενος
436 1663 504 1732 των
523 1659 733 1733 Μακεδόνων
750 1658 812 1751 τήν
828 1667 1012 1751 τυραννίδα
1029 1660 1140 1756 τρόπῳ
1156 1691 1220 1733 τοι·

94 1825 230 1890 pubiIcein
243 1826 364 1893 aliquem
377 1827 497 1880 collatis.
516 1828 624 1880 Tuvid.
676 1828 749 1878 hunc
772 1843 879 1892 quoque
902 1827 992 1879 iocum
1012 1827 1107 1891 affert,
1131 1828 1165 1878 de
1188 1845 1220 1880 eo

95 1909 154 1958 quae
173 1894 293 1961 plurima
319 1894 470 1946 afferuntur
492 1913 509 1947 a
527 1896 557 1946 C.
576 1898 624 1946 Fr.
676 1894 810 1946 Herodoti
831 1908 882 1946 usu
903 1911 1030 1959 monens,
1056 1912 1090 1945 ex
1113 1912 1165 1962 quo
1186 1896 1220 1946 de

22 2022 24 2027 y
95 1962 251 2014 Hermanno:
267 1963 623 2027 GriecnStaatsaltertb.§.
676 1980 706 2014 re
723 1964 888 2029 praeterita,
912 1979 982 2028 quae
1004 1963 1050 2013 rel
1066 1963 1222 2014 diuturnior

97 2027 142 2078 llo.
153 2036 206 2080 not.
220 2029 246 2081 d.
259 2031 276 2080 7
289 2036 317 2081 et
328 2030 345 2080 8
358 2031 401 2082 ed.
415 2037 503 2096 quart.
543 2033 624 2083 Hunc
676 2032 713 2081 sit
734 2031 779 2081 rel
800 2030 911 2097 saepius
934 2031 1067 2097 repetita,
1091 2047 1220 2097 praesen·

95 2098 155 2147 enin
165 2105 310 2164 utrumqne
328 2100 457 2150 honorem
472 2101 625 2151 concedere
675 2100 713 2148 tis
725 2100 878 2164 optativum
895 2099 943 2149 ilie
960 2100 1046 2165 ponit.
1081 2100 1146 2150 Mor
1158 2115 1220 2150 oum

22 2226 23 2231 ¹
94 2164 206 2216 solebant
216 2167 356 2229 civitates,
366 2166 412 2217 vel
420 2167 557 2218 beneficia
566 2167 624 2219 sive
676 2166 831 2232 Schweigh.
845 2171 873 2217 et
882 2166 971 2218 Gaias.
984 2167 1049 2218 dedi
1060 2160 1091 2217 ολ
1100 2160 1221 2234 ποιήσα-

22 2250 24 2277 ι
94 2247 192 2284 munera
204 2240 326 2300 accepta
343 2241 374 2284 ut
385 2241 626 2286 remunerarentur
676 2234 762 2297 σθαι,
788 2234 837 2284 ubi
858 2234 933 2299 vulg.
957 2228 1123 2291 ποιέεσθαι.
1149 2235 1221 2300 quod

22 2292 24 2323 '
93 2299 129 2349 rei
140 2303 388 2366 potentissimorum
398 2305 552 2369 principum
562 2320 625 2370 gra·
677 2317 739 2353 cum
760 2302 911 2352 Schuetero
933 2302 1105 2352 retinuerunt
1119 2303 1218 2354 Matth.

22 2406 23 2415 ,
94 2369 149 2418 tien
168 2375 197 2420 nt
215 2374 428 2436 aucuparentur.
468 2372 548 2422 Unde
570 2386 626 2422 non
677 2375 705 2420 et
721 2368 841 2420 Beklrer.
876 2361 926 2419 τόν
947 2360 1100 2433 Ἀθηναῖον
1120 2370 1221 2421 Noster

94 2436 187 2501 mirum,
209 2438 397 2489 Alexandrum
418 2438 464 2488 hic
481 2438 561 2490 simui
577 2456 625 2490 vo·
676 2438 747 2487 dixit
763 2435 932 2501 singularem
944 2451 1083 2485 numerum
1100 2452 1150 2502 pro
1162 2437 1220 2502 plu-

94 2506 141 2554 rari
151 2498 387 2587 αρόξενογελήαο
400 2496 559 2581 criterium.
605 2568 613 2586 r
677 2505 731 2554 reli
740 2502 866 2583 consulto
877 2503 1022 2564 adhibens,
1032 2505 1119 2563 utrx,
1130 2503 1159 2553 12
1168 2496 1221 2555 τὸν

93 2586 263 2708 „iniit
281 2572 545 2708 addititii
563 2566 624 2693 {331
675 2571 877 2703 destitit
894 2571 1219 2690 intimidi

93 2705 149 2757 bata
159 2709 251 2759 multis
260 2710 376 2760 vocibus
385 2711 548 2761 interiectis.
560 2712 633 2771 vid„
674 2708 839 2773 interpretes
862 2707 981 2771 itemque
1000 2708 1168 2758 recentIorcs
1190 2709 1219 2757 in

94 2772 176 2827 Metti.
196 2776 244 2828 Gr.
264 2777 311 2827 Gr.
330 2793 357 2842 p.
377 2776 451 2828 1300.
490 2778 560 2827 Nam
583 2779 624 2829 itu
674 2780 741 2825 nott.
757 2775 791 2826 ad
804 2775 850 2838 vl,
864 2774 905 2826 78.

94 2841 188 2907 singola
210 2845 376 2895 cohaerente
407 2837 573 2923 Μαρήόνιος
589 2871 623 2883 ·-

95 2900 202 2975 ἔτερψε,
226 2904 290 2978 ἅμα
306 2905 361 2977 μὲν
377 2899 419 2963 ὅτι
432 2938 467 2950 -
477 2928 539 2977 αμα
557 2905 623 2964 tto*

95 2976 248 3041 Μαρδόνιος
269 2973 438 3045 πυθόμενος
456 3008 483 3016 -
505 2974 621 3047 ἔπεμπε.

95 3046 166 3097 -De
178 3047 317 3113 particula
329 3038 387 3111 doc
399 3050 554 3114 postposito
565 3049 622 3101 rid.

95 3111 167 3164 allata
179 3117 212 3165 sd
224 3117 306 3175 vm,
321 3115 338 3165 8
356 3121 384 3166 et
396 3116 430 3166 de
441 3132 492 3167 usu
503 3118 623 3182 particu-

94 3177 130 3229 Ιεε
140 3196 166 3231 τε
177 3188 243 3235 nott.
257 3183 294 3233 ad
305 3184 382 3244 VIII,
395 3182 453 3233 188.
482 3185 536 3234 Pro
547 3185 624 3251 vulg.

95 3237 212 3302 interm
229 3251 295 3302 dedi
311 3241 468 3333 ήτιλστατο,
493 3256 523 3301 ut
540 3267 624 3318 supra

95 3312 161 3373 tm,
180 3317 226 3369 132
245 3324 275 3368 et
286 3319 370 3379 VIII,
387 3319 403 3369 5
420 3321 468 3370 nbi
484 3318 540 3370 rid.
552 3325 622 3371 nott.

95 3380 127 3431 Ad
145 3383 308 3436 locutionem
333 3383 498 3449 κατύπερθε
515 3413 547 3424 -
566 3380 623 3438 ἔσε-

94 3447 153 3501 σθαι
173 3454 226 3503 rid.
251 3458 321 3505 nott.
346 3455 381 3504 ad
400 3455 481 3516 VIII,
501 3453 541 3504 19.
582 3455 624 3507 Ad

93 3515 168 3580 ipsum
189 3536 261 3581 rem,
288 3537 359 3586 quae
383 3522 409 3571 ir.
432 3521 450 3571 l.
470 3526 622 3585 enarratur,

94 3586 199 3638 conferri
210 3594 336 3654 possunt,
350 3605 420 3654 quae
433 3590 461 3639 in
474 3590 623 3641 Athenien-

94 3652 152 3702 tien
170 3654 281 3706 laudem
304 3657 411 3722 profert
433 3658 570 3708 Isocrates
594 3660 623 3708 in

94 3717 215 3786 Panegyr.
232 3725 258 3785 θ.
275 3722 323 3785 94,
348 3725 419 3789 quod
435 3726 508 3791 regis
526 3726 621 3776 Persa·

95 3788 217 3841 mndona
226 3792 390 3856 respuerint,
404 3794 528 3858 quemvis
537 3792 621 3843 lione·

94 3852 203 3935 ptipsis
222 3874 252 3909 τι
284 3850 311 3919 'r
332 3850 492 3922 λεαιρλτους
513 3859 620 3927 λαβεῖν,

95 3926 224 3986 στερεοῖς
245 3986 251 3995 Ι
290 3923 345 3978 θον
357 3921 489 3993 βασιλεύς
500 3922 622 3994 ἡγούμε-

96 4002 146 4055 nt,
167 3986 195 4043 ελ
213 3984 249 4045 td
266 3992 319 4061 σής
339 3986 446 4053 πόλεως
466 3989 622 4061 προσλάβοι

95 4053 225 4133 φαιόν,
234 4061 411 4129 παραχρῆμα
421 4059 470 4113 καλ
479 4062 623 4114 Πελοπον·

314 4144 333 4181 ν

94 4187 198 4311 muge
218 4186 253 4247 d*
274 4142 315 4249 di
329 4165 363 4235 :—
378 4190 529 4265 προλέγοι]
558 4198 621 4249 Vid.

95 4258 623 4399 mete-orroeon

822 2944 890 2995 Cir.
909 2944 1071 2995 CXXXVII.

709 3039 830 3110 ἕβδομος
841 3040 971 3111 γενέτωρ]
984 3046 1047 3097 vid.
1060 3047 1133 3097 infra
1141 3047 1217 3110 vlu,

677 3112 725 3164 139
743 3114 806 3165 coll.
824 3114 977 3177 Thucydid.
996 3115 1036 3175 11,
1055 3112 1098 3164 99.
1121 3116 1217 3165 lustin.

674 3183 742 3242 VII,
758 3183 788 3244 2,
815 3182 861 3246 qui
883 3183 912 3231 iu
934 3197 967 3232 eo
992 3181 1027 3232 ab
1044 3182 1184 3233 Herodoto
1203 3199 1219 3232 o

674 3248 810 3300 Perdicca
822 3250 900 3313 regni
913 3250 1022 3299 initium
1033 3250 1218 3299 constituente

674 3317 815 3378 dissentit,
832 3316 904 3382 quod
916 3316 987 3366 ulios
999 3322 1110 3367 secutus
1124 3322 1218 3366 ancto-

674 3400 719 3435 res
739 3387 868 3450 primum,
896 3384 941 3449 qui
964 3384 1015 3434 toti
1035 3383 1218 3434 Macedoniae

673 3453 861 3517 imperaverit,
873 3455 957 3501 vocet
971 3453 1094 3501 Caranum
1106 3451 1217 3516 eiusque

674 3535 859 3571 successorem
877 3519 946 3569 iacit
959 3519 1121 3579 Perdiccam,
1141 3520 1217 3585 quin-

674 3594 731 3637 tum
742 3603 808 3638 vero
820 3587 849 3637 in
861 3588 932 3636 serie
944 3586 1102 3638 Herodotea
1115 3587 1219 3638 omittit

673 3657 802 3711 Alcetcm,
824 3658 1003 3705 memoratum
1020 3670 1127 3773 qupssue
1145 3655 1218 3721 apud

672 3722 817 3791 Theophil.
829 3721 957 3773 Antioch.
970 3722 1006 3773 Π.
1020 3739 1047 3788 p.
1094 3762 1101 3784 ,
1115 3722 1162 3772 ubi
1176 3729 1217 3773 tu-

673 3807 735 3841 men
747 3792 849 3857 Arpaei
861 3790 940 3841 deest
951 3791 1063 3842 mentio.
1093 3790 1217 3841 Caranus

674 3860 746 3909 enim
764 3862 792 3909 et
809 3860 868 3923 ipse
885 3857 1038 3908 Temenida
1059 3858 1144 3908 fuisse
1162 3859 1217 3907 fer·

673 3932 731 3989 tur,
745 3927 792 3991 qui
803 3927 936 3977 Edessam
948 3927 1023 3991 cepit
1036 3942 1151 3990 eamque
1164 3925 1216 3976 Ae-

674 4009 724 4060 gas
741 3995 867 4056 vocavit,
889 3992 981 4044 sedem
1003 3993 1066 4044 inde
1085 3994 1217 4044 constitu·

674 4067 729 4111 tarn
747 4076 841 4127 regum
853 4060 1049 4124 Macedoniae;
1067 4062 1139 4111 unde
1156 4076 1216 4111 cum

673 4129 751 4180 hisce
774 4129 876 4180 fabulis
893 4128 1082 4179 Macedonicis
1098 4129 1217 4193 Argivas

674 4195 1216 4328 iudiii‘ssidiiir‘ihdiieiiniii'

701 4300 707 4312 ·
837 4299 843 4312 ·
982 4300 988 4313 ·
1122 4300 1127 4311 ·
1158 4299 1164 4312 ·
1207 4299 1214 4323 r

673 4332 718 4396 qui
728 4332 800 4382 idem
809 4347 836 4397 p.
846 4330 877 4381 θΙ
889 4331 1030 4382 contendit
1038 4329 1215 4392 Macedones,
