2866 5134
255 370 312 428 DE
330 367 436 428 VITA
457 367 514 424 ΕΤ
536 364 729 424 SORIPTIS
750 362 985 423 HERODOTI.
1131 368 1192 428 479

68 552 134 593 tores
152 544 233 607 atquo
253 554 364 604 osores,
390 534 431 588 rel
453 552 485 587 ea
502 534 639 600 indicant,
664 550 734 604 qnae
756 534 789 585 de
811 536 911 603 Gloria,
934 552 1024 587 rerum
1046 534 1190 604 scriptore,

67 624 109 693 qui
123 622 200 693 psulo
215 630 279 691 post
289 620 424 673 Herodoti
440 626 553 672 aetatem
566 618 676 686 floruit,
692 617 883 688 Xenophontis
899 625 926 671 et
940 620 1100 672 Artaxerxis
1112 619 1192 672 lllne-

66 708 144 763 monis
161 706 336 776 aequalis*),
358 705 522 773 accepimns.
563 703 631 755 Nam
648 703 694 755 ille
716 704 743 754 in
766 704 880 755 historia
902 721 953 755 sua
968 721 1021 755 non
1036 713 1141 757 tantum
1158 705 1191 755 ab

66 793 195 845 Herodoto
217 791 307 845 multis
325 789 393 841 locis
411 789 596 857 dissensisse,
620 805 712 841 rerum
734 788 813 840 etiam
831 789 963 841 mendacii
985 807 1045 842 eum
1064 790 1192 857 arguisse

67 878 229 948 perhibetur:
256 869 353 945 σχεδὸν
368 868 397 928 ἐν
417 865 523 928 ἅπασιν
538 866 714 942 ἀντικείμενα
728 866 868 948 Ἡροδότῳ
888 870 1030 941 ἱστοριῶν,
1052 867 1120 928 ἀλλὰ
1143 872 1191 928 καλ

66 957 180 1031 promis
196 955 283 1015 αὐτόν
298 953 448 1013 ἀποκαλῶν
469 953 498 1012 ἓν
517 961 628 1020 πολλοῖς
642 956 689 1011 καλ
703 953 867 1029 λογοποιῶν,
892 968 924 1011 ut
938 959 977 1010 ait
991 959 1107 1011 Photius
1119 959 1191 1012 Bibl.

68 1046 278 1113 eoa.l.xfl.**)
309 1044 391 1108 Quod
406 1044 540 1114 quomodo
555 1044 741 1113 accipiendum
758 1044 810 1111 sit,
833 1044 959 1113 pluribus
978 1044 1059 1097 docui
1078 1045 1106 1096 in
1125 1044 1191 1096 Pro—

67 1133 130 1201 legg,
145 1132 177 1183 sd
189 1133 314 1198 fragmm.
329 1129 461 1181 Ctesisns
476 1148 503 1198 p.
519 1132 553 1182 42
568 1147 647 1199 seqq.
667 1138 695 1181 et
708 1129 736 1181 in
752 1126 931 1183 annotatione
945 1129 978 1180 ad
996 1128 1121 1196 singulos
1136 1129 1179 1180 He

66 1217 144 1270 rodoti
159 1215 250 1281 locos,
271 1215 319 1283 qui
337 1214 380 1266 hlc
390 1214 419 1266 in
437 1231 549 1266 censum
563 1215 691 1279 veniunt,
708 1213 830 1267 indicare
847 1215 958 1281 studui,
974 1214 1001 1266 in
1018 1232 1073 1283 qno
1088 1214 1122 1265 ub
1137 1213 1192 1266 He—

66 1301 152 1354 rodoto
165 1300 211 1352 ille
226 1300 391 1365 dissentiat,
406 1299 434 1351 in
451 1316 506 1369 quo
521 1299 690 1352 consentiat:
710 1300 782 1351 conf.
799 1299 877 1352 modo
893 1308 960 1354 nott.
978 1299 1011 1351 ad
1028 1299 1079 1367 ΙΙΙ,
1098 1303 1127 1368 Ι,
1148 1299 1192 1351 ubi

67 1386 173 1439 Ctesism
188 1403 249 1438 cum
266 1384 408 1437 Herodoto
424 1384 640 1436 consentientem
658 1384 826 1454 reperimus,
844 1384 895 1438 sed
909 1383 1117 1437 dissentientem
1133 1383 1193 1452 plu-

66 1471 133 1524 ribus
146 1470 229 1534 locis,
251 1476 282 1521 ut
295 1469 317 1536 Ι,
332 1472 375 1522 80.
392 1471 435 1523 05.
452 1469 503 1537 ΙΙΙ,
520 1473 546 1521 2.
564 1473 604 1523 15.
623 1474 666 1522 λλ.
679 1473 721 1525 οΙ,
737 1472 794 1523 Ι50.
813 1472 871 1524 153.
890 1470 938 1536 Vl,
954 1472 1012 1522 117.
1029 1468 1091 1533 Vll,
1109 1474 1141 1535 Ι,
1160 1471 1193 1521 ad

66 1572 127 1626 qnos
146 1554 220 1606 locos
237 1553 295 1608 rid.
310 1554 465 1606 roncatio:
490 1553 553 1606 add.
571 1553 629 1605 Vol.
649 1553 671 1605 1.
691 1571 754 1623 pag.
770 1557 831 1607 844.
872 1554 951 1608 Unde
973 1554 1042 1605 satis
1064 1554 1193 1622 intelligi-

66 1647 118 1705 tur,
149 1656 238 1708 neque
265 1639 456 1691 auctoritatem
475 1639 611 1691 Herodoti
634 1638 808 1707 lubelactari,
835 1656 926 1708 neque
948 1638 1027 1692 fidem
1048 1639 1193 1704 Herodoti,

66 1742 135 1794 quan
156 1741 284 1777 summam
304 1741 367 1776 esse
387 1741 473 1794 supra
496 1730 521 1788 S.
540 1727 572 1777 10
593 1724 780 1792 ostendimus,
802 1724 920 1791 infringi
940 1724 990 1791 iis,
1012 1741 1083 1794 quae
1099 1730 1195 1776 contra

66 1808 223 1862 Herodotum
249 1827 265 1860 a
280 1808 376 1860 Ctesia
396 1810 438 1861 bic
454 1808 510 1861 illic
526 1809 722 1878 proferuntur,
746 1826 825 1879 quern
846 1808 899 1861 alio
922 1816 997 1862 certe
1014 1809 1128 1861 consilio
1148 1828 1194 1862 res

67 1890 199 1949 Persarum
224 1903 254 1947 et
275 1894 441 1946 Graecorum
464 1894 612 1963 scripsisse
636 1910 770 1963 quemque
798 1893 860 1946 aliis
882 1912 897 1946 e
920 1894 1044 1948 lontibus
1067 1894 1195 1946 hausisse

68 1979 179 2031 norimus
191 1988 331 2032 auctorem
345 1978 487 2031 Herodoto
500 1986 574 2031 certe
591 1979 809 2048 postponendum
821 1998 872 2032 nee
885 1986 973 2032 temen
987 1996 1104 2049 prorsus
1116 1997 1195 2048 sper-

68 2064 172 2116 nendum
188 2082 250 2118 cum
268 2065 296 2116 in
312 2063 452 2116 nonnullis
469 2063 512 2117 vel
532 2064 636 2116 rectius
651 2064 791 2116 Herodoto
812 2064 961 2118 tradidisse
985 2064 1125 2134 putandus
1147 2064 1193 2118 sit.

68 2148 117 2201 Nec
127 2167 190 2202 vero
201 2157 319 2219 propter
329 2149 483 2217 argumenti
494 2147 698 2202 similitudinem
709 2149 846 2217 miramur,
862 2167 878 2203 a
891 2150 1054 2219 quibusdam
1067 2155 1195 2219 posterae

69 2233 153 2287 celatis
167 2234 353 2307 scriptoribus
371 2243 400 2286 et
414 2234 583 2288 Herodotum
600 2241 629 2286 et
643 2233 763 2287 Ctesisnr
779 2235 838 2303 pari
853 2236 932 2288 modo
947 2236 982 2287 iis
995 2235 1130 2298 adscribi,
1147 2234 1194 2303 qui

69 2317 161 2371 fabulas
180 2320 360 2373 narraverint
375 2337 463 2391 neque
485 2319 593 2372 omniuo
615 2336 680 2370 vers
695 2320 883 2388 prodiderint:
911 2321 967 2373 vid.
984 2319 1062 2372 modo
1078 2319 1194 2371 Lucian.

70 2400 123 2456 Ver.
136 2404 207 2457 Hist.
224 2406 269 2472 ΙΙ,
285 2407 328 2458 31.
350 2404 443 2459 Strsb.
459 2404 505 2458 ΧΙ.
522 2423 550 2473 p.
566 2406 618 2457 508
635 2403 696 2457 οοΙΙ.
713 2404 774 2457 ΧΙΙ.
789 2422 816 2474 p.
835 2408 896 2458 550.
917 2405 1020 2457 xvnl.
1036 2422 1063 2474 p.
1078 2408 1130 2458 818
1146 2405 1195 2456 lin.

73 2485 126 2540 lodo
146 2489 186 2541 rel
207 2489 284 2560 apud
301 2489 462 2543 Ciceronem
482 2489 525 2541 De
545 2487 617 2556 legg.
640 2488 670 2556 Ι,
695 2492 707 2542 l
728 2490 793 2543 haec
810 2497 936 2543 exstant:
965 2506 1147 2560 „quamquam
1169 2498 1197 2540 et

76 2573 132 2637 spot
143 2576 307 2630 Herodotum
328 2581 431 2644 patrem
453 2574 583 2627 historiae
600 2580 629 2626 et
648 2573 722 2642 apud
737 2574 942 2645 Theopompum
959 2583 1026 2628 sunt
1040 2575 1195 2627 innumera-

77 2653 131 2709 biles
142 2660 282 2713 isbulae.“
323 2662 362 2712 Ac
377 2667 449 2713 teste
464 2659 589 2727 Diogene
603 2659 698 2712 Lairt.
713 2659 742 2711 in
756 2659 881 2713 Prooem.
897 2666 924 2725 s.
939 2665 956 2716 0
971 2654 1197 2729 καταγινώσκου-

78 2754 111 2792 ⁶⁸2
118 2734 264 2809 Ἡροδότου
279 2741 308 2798 ol
320 2738 354 2798 τό
369 2743 432 2815 περὶ
447 2741 559 2813 Μάγων
574 2738 732 2813 γράψαντες
746 2764 773 2798 κ.
788 2765 812 2799 τ.
829 2749 853 2799 λ.
898 2746 989 2817 Atque
1006 2747 1196 2816 Harpocratio-

76 2826 194 2899 rirAelii,
220 2830 381 2899 sophistae,
411 2831 545 2900 quoddam
565 2836 729 2883 memoratur
752 2830 884 2900 seriptum
905 2829 969 2901 περὶ
990 2833 1040 2885 τοῦ
1060 2830 1197 2896 κατεψεῦ-

75 2912 128 2964 τδστ
142 2910 190 2984 τὴν
201 2909 357 2982 Ἡροδότου
370 2911 492 2985 ἴστορίαν
504 2914 579 2981 ΙΙΙ),
603 2915 722 2984 itemque
735 2916 905 2971 Monellronis
920 2916 1048 2986 Aegyptii
1064 2915 1133 2969 liber
1148 2916 1195 2968 ad-

76 3011 156 3052 versus
176 3000 350 3055 Herodotum
371 3003 511 3070 profertur
533 3000 606 3069 apud
623 2999 778 3069 Etymolog.
795 3000 891 3070 Magn.
914 3020 938 3054 s.
961 3020 987 3055 v.
1006 2996 1198 3070 Aeoocoudpoc

74 3098 95 3147 p.
107 3087 161 3149 570,
174 3090 207 3142 23
223 3086 302 3154 (ubiz
327 3080 362 3139 ἐν
378 3088 422 3160 τῷ
441 3080 510 3156 πρὸς
524 3080 690 3153 Ἡρόδοτον)
707 3092 736 3138 et
751 3086 879 3139 Eustath.
896 3086 931 3139 ad
942 3087 1053 3139 Homeri
1070 3087 1149 3139 Iliad.
1165 3080 1197 3154 λ’,

73 3170 122 3220 480.
134 3187 159 3238 p.
170 3173 220 3225 857
234 3172 280 3225 ed.
291 3171 369 3223 Rom.
385 3172 447 3242 (obi
462 3166 497 3225 ἐν
511 3176 584 3232 τοῖς
597 3164 856 3239 πρόςἩρόδοτου)ε
877 3171 931 3224 nisi
943 3172 986 3224 bic
997 3173 1105 3241 potius,
1122 3171 1195 3240 quod

73 3253 171 3307 credere
185 3257 290 3325 malim,
312 3255 346 3308 de
361 3265 440 3326 parte
457 3257 572 3326 quadam
587 3255 680 3325 operis
700 3255 734 3308 de
748 3256 875 3325 Aegypto
897 3257 1013 3326 eiusque
1030 3258 1114 3309 rebus
1130 3274 1193 3307 con-

73 3338 155 3406 scripti
174 3340 349 3411 cogitandum
370 3349 428 3409 est,
449 3342 476 3393 in
493 3359 548 3410 qus
564 3340 705 3393 Herodoto
729 3340 763 3393 de
786 3342 870 3394 rebus
882 3341 1061 3411 Aegyptiacis
1076 3340 1197 3393 tradenti

74 3421 201 3480 oblocutus
214 3436 277 3482 erat
286 3426 427 3493 Manetho,
444 3426 491 3497 qui
507 3434 578 3478 teste
589 3426 707 3495 Iosepho
722 3432 818 3477 contra
829 3426 927 3495 Apion.
944 3428 964 3489 l,
977 3429 1002 3480 3.
1016 3429 1041 3487 S.
1058 3430 1087 3479 Ι4
1103 3426 1129 3478 in
1144 3425 1197 3477 Ae-

74 3509 140 3576 gypti
152 3510 266 3566 historie
280 3506 369 3566 πολλοὶ
387 3506 437 3566 τόν
454 3506 604 3581 Ἡρόδοτον
621 3504 721 3579 ἐλέγχει
735 3511 791 3564 τῶν
805 3507 1001 3579 Αἰγυπτιακῶν
1015 3503 1066 3564 ὑπ’
1083 3502 1197 3579 ἀγνοίας

73 3583 242 3665 ἐψευσμένον,
268 3597 342 3650 οοσΙ.
355 3599 434 3650 etiam
449 3597 482 3648 R.
497 3598 518 3648 Ι.
534 3596 619 3649 Fruin
636 3595 679 3648 De
690 3595 849 3648 Manethon.
864 3597 1015 3664 Sebennyt.
1029 3614 1057 3665 p.
1070 3594 1197 3648 LXXVII

74 3692 123 3746 teq.
139 3689 204 3752 etp.
223 3685 273 3737 143
288 3701 347 3751 seq.
384 3682 526 3735 Bunsenio
547 3681 692 3733 videbatur
707 3680 823 3749 cogitari
845 3698 926 3751 posse
947 3681 981 3734 de
997 3680 1133 3750 excerptis
1149 3699 1196 3749 po-

75 3766 138 3815 stera
156 3774 245 3820 aetate
267 3785 300 3820 ex
322 3768 498 3820 Manethonis
519 3784 602 3837 opers
624 3765 759 3818 confectis
779 3771 808 3817 et
828 3766 857 3818 iu
877 3783 960 3818 unum
982 3783 1052 3836 opus
1075 3764 1197 3818 collectis

75 3847 133 3913 (rid.
148 3851 265 3923 Aegypt.
278 3852 356 3904 Stell.
373 3853 400 3905 in
417 3854 444 3905 d.
461 3851 630 3919 Weltgesch.
646 3850 668 3901 l.
685 3869 712 3919 p.
733 3852 782 3903 100
797 3851 856 3903 sive
873 3851 895 3902 Ι.
910 3868 938 3920 p.
954 3854 986 3906 67
1003 3852 1046 3904 ed.
1063 3850 1195 3919 Anglic).

77 3930 176 3988 Pollucis
195 3937 337 3991 cuiusdam
362 3937 458 3990 librum
478 3934 560 4005 περὶ
580 3936 640 4005 τῆς
663 3929 855 4002 Ἡροδότου
875 3937 1008 4006 κλοπῆς
1028 3943 1112 4006 atque
1133 3933 1197 4001 περὶ

14 4010 16 4081 Ξ
73 4016 115 4084 τῆς
125 4022 241 4090 Κτησίου
257 4024 362 4094 κλοπῆς
381 4031 508 4077 memorat
523 4023 628 4074 Euseb.
651 4021 678 4073 iu
693 4020 825 4091 Praepar.
843 4022 950 4090 Hvsng.
966 4021 998 4074 x,
1020 4040 1083 4091 pag.
1100 4024 1150 4075 407
1162 4020 1196 4074 Ι).

76 4143 264 4164 sR—-—-

133 4248 161 4349 2
176 4255 237 4336 Viri.
250 4255 376 4338 Prolegg.
392 4256 425 4345 ad
440 4256 513 4307 Otos.
526 4255 663 4321 Fragmm.
676 4270 740 4321 pag.
756 4255 787 4306 13
800 4271 875 4321 seqq.

134 4320 782 4456 el>lbistil{lliizlbi'tsstirllio
794 4407 851 4456 seq.
871 4391 975 4442 suro.
989 4408 1014 4456 o·
1027 4389 1068 4440 oo.
