2984 5154
447 423 649 485 URANIA.
673 427 765 488 VIII.
788 436 831 493 49.
852 442 899 493 50.
1204 442 1245 505 60

27 672 28 693 ρ
191 594 298 662 Ταῦτα
318 596 385 664 των
407 590 472 665 ιἰπὸ
498 595 760 686 Πελοποννήσου
783 607 978 693 στρατηγῶν
1002 609 1291 698 ἐπιλεγομένωνὸθ

120 691 266 781 ἐληλύθεε
286 690 371 789 οἷνήρ
398 691 591 789 Ἀθηναῖος,
618 695 789 791 ἀγγέλλων
813 700 907 792 ήκειν
928 703 987 777 τὸν
1009 705 1180 799 βάρβαρον
1211 716 1243 795 ές

118 791 170 881 τήν
191 791 350 887 Ἀττικήν,
385 801 441 869 καλ
467 802 577 871 πᾶσαν
604 799 713 892 αὐτὴν
737 809 994 897 πυρπολέεσθαι,
1036 805 1071 880 Ὁ
1095 809 1160 903 γὰρ
1188 812 1243 884 oid

117 900 257 969 Βοιωτσὶν
273 891 479 990 τραπόμενοὲ
497 901 635 991 στρατός
652 901 721 996 ἅμα
736 909 859 999 Ξέρξη,
884 909 1052 999 ἐμπρήσας
1070 918 1242 986 Θεσπιέων

116 995 168 1085 τήν
187 999 300 1090 πόλιν,
328 998 442 1073 αὐτῶν
471 1004 711 1078 ἐκλελοιπότων
734 1011 766 1088 ές
799 1009 1073 1103 Πελοπόννησον,
1100 1015 1157 1085 ναὶ
1179 1014 1241 1105 τήν

27 1122 29 1135 “
115 1104 296 1173 Πλαταιέων
314 1099 488 1195 ὡσαύτως,
507 1096 613 1194 ήκέτε
632 1111 664 1190 ἐς
681 1106 739 1191 τοὶς
754 1104 913 1200 Ἀθήνας,
933 1115 989 1182 καλ
1001 1113 1111 1185 πάντα
1130 1122 1240 1189 ἐκεῖνα

27 1204 29 1299 1
115 1204 223 1291 λέηλου.
265 1203 430 1298 ἐνέπρησε
455 1209 492 1278 δέ
511 1206 680 1280 Θέσπειαν
702 1239 738 1281 τε
761 1215 816 1283 καλ
834 1212 1023 1306 Πλάταιαν,
1048 1217 1239 1309 πυθόμενος

111 1402 143 1453 Ρο
159 1419 191 1468 ρο
207 1403 326 1470 aliique:
350 1406 528 1467 viduatu.
545 1409 642 1462 P.111.
694 1411 712 1459 i.
733 1426 757 1459 e.
775 1428 829 1462 eum
847 1415 898 1478 ipsi
914 1412 1046 1478 (incolae)
1068 1418 1130 1468 urbe
1147 1422 1239 1470 relicta

111 1420 161 1520 ub.
172 1472 216 1522 IV.
229 1490 254 1538 p.
267 1473 317 1523 251
332 1489 390 1539 seq.
410 1475 453 1524 sd.
465 1476 551 1542 Popp.
587 1478 642 1527 Eo·
693 1480 829 1529 cessissent
851 1496 872 1531 s.
891 1481 1012 1532 abiissent
1035 1489 1061 1534 in
1078 1486 1237 1551 Peloponne-

110 1537 162 1588 dem
181 1541 255 1591 modo
276 1534 514 1608 πολιορκήσοιντο
531 1545 641 1608 passivo
692 1562 752 1597 sum.
793 1549 836 1598 De
860 1563 910 1599 usu
927 1553 1143 1616 praepositionis
1162 1546 1191 1613 ές
1208 1556 1237 1606 in

109 1621 179 1656 sensu
198 1608 267 1659 dixit
287 1609 443 1675 Xenophon
464 1611 573 1662 Hellen.
592 1613 639 1675 VI,
692 1614 797 1664 talibus
825 1616 952 1668 laudavit
979 1620 1025 1669 Cr.
1066 1621 1176 1685 Tuylor.
1203 1623 1237 1673 ad

109 1673 497 1741 s,6.vn,e,180011.cyro
519 1680 640 1742 aed.VI,
691 1682 795 1745 Lysiae
819 1684 949 1750 Epitapb.
973 1687 1034 1736 Vol.
1057 1687 1091 1737 V.
1114 1705 1177 1754 pag.
1204 1692 1236 1740 72

110 1740 174 1803 115.
187 1770 216 1777 —
230 1744 273 1794 Ad
284 1760 387 1795 vocem
398 1761 487 1810 τιμαρ
501 1763 519 1813 η
531 1747 586 1798 vid.
602 1748 641 1798 al·
692 1749 736 1799 ed.
754 1750 849 1800 Reisk.
872 1752 1039 1821 Wasseling.
1064 1758 1238 1809 excitaverat

107 1808 274 1875 latastII,
291 1810 351 1863 169.
388 1813 539 1864 Indehaeo
554 1817 639 1867 totius
689 1817 802 1867 Diodor.
822 1819 873 1881 XI,
896 1818 926 1869 14
949 1821 1011 1872 οο11.
1036 1822 1169 1875 Herodot.
1187 1826 1234 1887 VI,

27 1888 28 1895 ¹
106 1875 151 1928 loci
174 1880 264 1930 existit
294 1882 451 1931 sententia:
481 1884 639 1933 sententiae
691 1883 748 1946 100,
758 1885 804 1934 ubi
816 1887 869 1936 vid.
881 1892 950 1937 nott.
970 1888 1016 1939 Sic
1027 1890 1236 1956 upuddeschyli

107 1949 224 1997 communi
246 1947 367 1999 consilio
384 1949 461 1999 latae
478 1950 550 2000 hane
568 1952 638 2001 adii·
689 1953 766 2004 Pers.
782 1952 829 2004 133
840 1954 882 2007 Bl.
897 1954 957 2017 1107
967 1957 1058 2020 Both.)
1072 1948 1235 2011 ἐκλέλοιπεν

107 2012 202 2064 ciebant
211 2017 366 2079 rationem,
379 2022 410 2067 ut
422 2017 558 2082 dicerent,
572 2020 637 2083 infe·
689 2020 766 2071 valet
778 2022 851 2081 abiit,
865 2025 991 2074 discessit.
1026 2026 1069 2075 Ad
1082 2028 1234 2092 proximum

105 2081 174 2131 riores
187 2087 211 2133 si
226 2099 240 2135 e
256 2088 363 2150 proelio
379 2087 566 2150 discessissent,
588 2094 638 2137 tum
688 2075 741 2154 ήαε
753 2090 825 2140 coni.
837 2091 936 2141 Matth.
951 2092 996 2142 Gr.
1011 2092 1056 2143 Gr.
1069 2094 1094 2154 5.
1107 2094 1165 2158 504,
1179 2096 1203 2144 2.

105 2147 214 2202 atrimae
224 2155 249 2203 si
259 2159 403 2211 erasme
414 2153 567 2205 obsidionem
575 2172 638 2220 pas·
723 2148 861 2223 ἐνέπρησε
890 2153 922 2210 δὲ
950 2154 1094 2211 Θέσπειάν
1122 2177 1152 2213 τε
1183 2160 1233 2214 καὶ

104 2221 306 2280 mariniacum,
326 2221 369 2271 ubi
384 2223 447 2285 ipsis
463 2226 552 2273 nudum
564 2224 639 2273 σαπί-
689 2216 852 2293 Πλολταιαν]
867 2229 964 2291 „More
977 2230 1124 2279 Homerico
1136 2231 1181 2280 Ili.
1194 2233 1231 2293 ΙΙ,

104 2284 441 2352 tmadpmrtnnmrsiaad
448 2290 566 2340 Isthmum
577 2307 637 2341 nero
688 2290 739 2341 498
762 2297 790 2343 et
808 2292 871 2357 504;
894 2292 929 2345 de
949 2297 1057 2361 praelio
1080 2304 1173 2349 tamen
1197 2300 1232 2349 ad

103 2355 221 2417 timent,
242 2361 333 2408 salvos
348 2372 405 2408 sese
422 2359 459 2407 od
471 2373 531 2409 usos
549 2357 637 2421 (cives
687 2359 820 2412 Plataeas
850 2353 881 2412 έν
909 2361 942 2430 τῇ
965 2362 1125 2430 Πλαταιῇσι
1155 2358 1233 2432 μα’χῃ

105 2434 122 2471 s.
135 2424 226 2489 socios)
246 2431 404 2491 recepturos
421 2424 493 2489 (sese
511 2427 636 2493 recipere
688 2428 761 2478 coni.
773 2429 834 2488 vn,
846 2430 895 2479 231
910 2435 938 2479 et
949 2431 995 2489 lx,
1009 2429 1051 2484 80.
1071 2433 1122 2482 Adi
1137 2433 1230 2498 Steph.

104 2491 190 2557 posse).
687 2495 754 2558 Byz.
773 2493 805 2559 [e.
823 2512 849 2546 v.
868 2513 932 2562 pag.
945 2495 1006 2562 041]
1026 2504 1053 2548 et
1069 2501 1102 2549 L.
1120 2501 1232 2551 Holste-

686 2563 797 2612 nium.“
833 2564 965 2615 Wessei.
1000 2566 1084 2643 'Apud
1109 2568 1232 2618 Graecos
1323 2603 1328 2613 ·

302 2661 372 2712 ὒν·
390 2663 423 2713 ¹⁴·
685 2630 1088 2761 ttftti‘.;¹{÷.¹¹.⁸tdtttt‚
1101 2632 1233 2767 &titt

129 2751 344 2829 ἐπιλεγομένων]
362 2764 379 2814 i.
395 2779 418 2814 e.
435 2765 498 2815 doec
514 2766 572 2815 ιλαιπ
584 2766 635 2815 dis-
686 2767 764 2831 rique
783 2768 931 2833 scriptores
948 2769 1061 2833 ipseque
1075 2769 1232 2819 Herodotus

105 2837 189 2894 αμιωιλ
205 2834 450 2899 Peloponnesiorum
466 2834 551 2884 duces.
591 2834 634 2884 De
686 2835 740 2898 IX,
758 2834 798 2884 25.
811 2834 853 2886 39.
866 2834 896 2884 41
915 2834 1050 2901 pluralem
1068 2836 1230 2888 adhibeant.

105 2898 166 2948 rsrbi
183 2902 266 2951 medii
283 2893 472 2965 ἐπιλέγεσθαι
492 2901 633 2968 significa·
685 2903 793 2953 Monuit
808 2904 986 2953 Muensoher:
1011 2905 1053 2954 De
1071 2904 1148 2955 rebb.
1165 2904 1230 2955 Pla·

27 3020 28 3023 ,
105 2964 164 3017 tione
184 2968 303 3019 diximus
328 2968 363 3019 ad
385 2969 421 3029 V,
439 2967 480 3019 80.
504 2970 572 3034 Vll,
590 2969 632 3019 47.
684 2976 806 3021 taeenss.
824 2986 887 3036 pag.
901 2969 926 3021 3.
944 2970 973 3021 10
984 2986 1041 3036 seq.
1059 2973 1121 3023 coli.
1134 2974 1230 3023 Fried-

27 3040 28 3043 ’
105 3031 167 3094 Quod
178 3036 258 3104 vulgo
270 3036 378 3103 legitur
387 3027 520 3101 ἐλήλυθε,
533 3038 562 3086 iu
572 3028 634 3103 έλη-
685 3038 753 3089 rich.
766 3038 844 3091 Rerr.
854 3039 990 3090 Plataico.
1001 3040 1119 3105 Specim.
1130 3057 1194 3106 pag.
1204 3040 1229 3092 0.

104 3097 176 3154 λέθεε
184 3106 346 3156 mutandum
358 3108 435 3155 recte
445 3105 635 3156 censuitWer-
685 3111 742 3156 not.
782 3106 822 3156 Ao
845 3107 900 3157 vid.
920 3123 1025 3172 quoque
1043 3107 1171 3159 Siebalis.
1195 3109 1231 3159 ad

104 3167 137 3217 iar
150 3172 218 3222 dett.
241 3173 326 3240 phili.
343 3173 469 3224 Menace.
487 3174 509 3224 I.
532 3189 559 3238 p.
573 3173 632 3235 240,
685 3175 805 3224 Pausan.
818 3175 865 3237 IV,
877 3173 918 3226 36.
932 3175 982 3237 §.5
996 3174 1059 3226 coll.
1073 3176 1120 3239 IX,
1134 3175 1156 3224 1.
1170 3177 1193 3237 5.
1205 3176 1231 3238 2,

27 3260 28 3269 ¹
103 3238 219 3299 probante
245 3240 350 3293 Mattb.
379 3240 424 3291 Gr.
448 3240 495 3291 Gr.
523 3242 548 3302 5.
572 3240 631 3303 505,
686 3241 760 3293 Gaii.
780 3242 815 3291 ad
828 3242 927 3308 Geogr.
946 3243 1010 3293 min.
1027 3243 1074 3293 IV.
1092 3259 1156 3309 pag.
1170 3242 1230 3293 280.

104 3302 144 3367 W,
165 3310 208 3372 qui
229 3311 286 3359 unt
304 3324 366 3359 eum
384 3308 513 3359 Bekkero
531 3308 583 3359 boc
605 3309 635 3358 in
686 3310 754 3360 Cum
767 3311 829 3375 ipsa
841 3310 975 3360 Herodoti
993 3311 1152 3360 narratione
1165 3326 1229 3360 con-

104 3376 192 3425 tentum
214 3378 337 3444 recapit:
367 3377 439 3441 quod
465 3376 537 3427 idem
562 3377 636 3427 iece-
685 3380 765 3428 venit
777 3394 810 3426 ex
822 3384 902 3443 parts
916 3377 1026 3427 Ctesias
1038 3378 1161 3428 Persico.
1175 3379 1228 3427 Ex-

103 3448 155 3490 rant
170 3443 295 3496 Dindori.
315 3450 344 3494 et
359 3444 499 3506 Dietseh.;
523 3450 553 3495 tu
575 3444 630 3494 vid.
684 3449 783 3511 oerptt.
802 3447 827 3506 5.
845 3445 891 3507 25,
916 3446 965 3495 ubi
982 3450 1091 3507 narrat,
1109 3446 1228 3495 Xerxem

104 3514 160 3561 nott,
172 3512 204 3561 ad
216 3513 241 3575 1,
255 3512 291 3562 79
308 3517 338 3563 et
350 3512 388 3562 of.
400 3513 518 3564 Bredov.
533 3529 559 3578 p.
572 3511 631 3564 320.
683 3514 780 3579 copias
803 3518 900 3562 eontra
917 3512 1098 3564 Plataeenses
1120 3513 1229 3564 misisse

104 3574 234 3643 virgatam
250 3580 404 3631 lectionem
427 3572 551 3647 ἐλήλυθε
573 3586 632 3630 tua-
683 3581 753 3631 duce
765 3580 921 3639 Mardonio,
941 3596 958 3630 a
970 3580 1111 3631 Thebanis
1127 3582 1229 3646 quippe

104 3648 140 3693 tar
149 3647 243 3698 Labra:
257 3650 373 3712 Quaest.
385 3665 446 3714 epp.
459 3664 522 3714 pag.
532 3646 583 3698 270
597 3648 632 3697 ad
683 3648 866 3708 stimulatum,
884 3649 927 3698 his
943 3665 1010 3700 vero
1027 3649 1105 3698 addit
1118 3649 1229 3699 obviarn

104 3710 268 3779 Pausaniam,
297 3716 433 3767 Herodoti
455 3717 631 3777 imitatorem,
682 3718 794 3768 venisse
807 3717 989 3777 Pausaniam,
1010 3718 1057 3781 qui
1074 3731 1122 3766 eos
1135 3717 1228 3767 itavi-

104 3792 255 3846 prorocaus,
282 3786 330 3851 qui
348 3776 472 3851 ἐλήλυθε
488 3784 634 3850 scripserit
684 3785 770 3848 uerit,
783 3788 814 3833 ut
825 3786 885 3848 ipse
897 3784 1057 3834 Mardonius
1068 3782 1228 3835 vulneratus

103 3845 146 3910 111,
162 3850 190 3912 5,
206 3853 277 3902 4.-
295 3852 387 3903 Verbo
404 3852 563 3918 πυρπολεῖν
584 3852 631 3915 (rir-
684 3852 881 3917 iugbsalutem
913 3852 1016 3902 etierit.

103 3918 179 3969 cendio
194 3921 307 3985 curtare)
324 3936 390 3971 usus
407 3936 513 3987 quoque
527 3921 632 3972 estPo·
723 3912 859 3986 ἐνέπρησε
888 3870 921 3970 11
942 3911 1093 3994 ,Θέσπειάν
1118 3932 1149 3968 τε
1178 3914 1228 3970 καλ

103 3979 182 4045 lJaen.
198 3988 248 4052 IV,
266 3990 293 4038 2.
310 3988 395 4051 §.142
420 3980 472 4057 τήν
489 4003 519 4039 τε
537 3984 632 4055 χώραν
683 3983 850 4049 Πλάταιαν,
867 3988 1035 4053 πυθομενος
1050 4001 1077 4037 ιι.
1090 4000 1114 4067 τ.
1127 3983 1165 4052 λ.1
1184 3988 1227 4037 De

104 4054 249 4116 πυρπολῶν.
283 4057 370 4108 Plura
387 4057 442 4107 rid.
455 4057 631 4108 iuThesaur.
687 4057 894 4121 Thespiensibns,
923 4070 1036 4120 quorum
1060 4070 1145 4104 ammi
1169 4070 1226 4131 maj

104 4118 173 4187 Ling.
190 4123 289 4176 Graec.
311 4124 373 4177 Vol.
390 4125 437 4175 VI.
455 4142 481 4191 p.
501 4123 569 4175 2278
589 4125 632 4175 ed.
682 4127 755 4176 xime
768 4124 856 4175 alieni
867 4122 1131 4187 erantaThebanis,
1143 4137 1227 4189 supra

104 4184 215 4242 Diudori.
683 4194 835 4243 monuimus
846 4191 971 4256 advntu
985 4191 1069 4241 iidem
1075 4188 1227 4255 Thespien-

127 4246 156 4305 ‘0
171 4252 223 4323 γὰρ
241 4255 291 4311 διὰ
305 4259 440 4312 Βοιωτῶν
456 4251 633 4326 τραπόμενος
684 4277 729 4312 ses
752 4261 788 4311 ad
803 4259 1003 4326 Thermopylae
1022 4274 1082 4307 oum
1099 4257 1226 4337 Leonida

105 4334 130 4371 ⁰³
178 4317 316 4394 beant]
330 4328 632 4395 Goni.supraVIll,34.
684 4333 780 4380 contra
796 4329 896 4379 Persas
915 4331 1109 4394 pugnaverant
1131 4326 1225 4388 ibique

131 4338 328 4448 111ιλοιπότων
351 4389 380 4456 ἐς
397 4390 631 4463 Πελοπόννησον]
683 4399 871 4448 occubuerant
897 4395 973 4460 (Vll,
1000 4393 1060 4445 202.
1082 4393 1142 4443 222.
1165 4389 1224 4441 220.
