2952 5156
454 398 658 459 URANIA.
681 401 771 460 VIII.
793 410 835 464 65-
1172 406 1213 469 93

73 583 162 637 πεῖν·
200 564 397 657 Δημάρητε,
421 563 484 637 ούκ
507 576 575 638 ἔστι
598 565 683 650 ὅκως
709 566 750 639 ού
773 574 857 660 μέγα
885 601 917 642 τι
944 579 1036 654 σίνος
1060 579 1149 643 ἔσται
1172 577 1214 663 τῇ

73 670 226 755 βασιλέος
244 672 390 758 στρατιῇ.
426 667 504 739 τάδε
522 668 584 759 γαρ
610 665 769 761 deliniet,
789 671 913 763 ἐρήμου
931 671 1048 762 ἐούσης
1066 679 1123 763 τῆς
1144 672 1212 746 Ἀτ-

72 774 178 859 τικῆς,
197 766 249 840 ὅτι
267 782 366 840 θεῖον
382 766 420 841 τὸ
438 770 687 862 φθεγγόμενον,
706 768 772 843 ninii
787 770 974 856 Ἐλευσῖνος
993 773 1045 845 div
1065 780 1097 857 ἐς
1114 805 1212 866 τιμα·

73 881 146 962 ριήν
160 869 375 961 Ἀθηναίοισί
388 900 426 943 τε
442 875 498 943 καὶ
515 890 600 944 τοῖσι
618 873 825 964 συμμάχοισι.
878 879 934 946 καὶ
956 871 999 965 ἢν
1016 879 1133 966 μένγε
1156 908 1212 948 κα·
1243 878 1256 899 ”

72 972 224 1063 τασκήψη
244 978 277 1054 ἐς
293 971 355 1062 την
372 973 651 1064 Πελοπόννησον,
671 982 830 1058 κίνδυνος
848 974 941 1071 αύτῷ
957 1006 992 1049 τε
1010 984 1142 1067 βασιλέι·
1157 983 1213 1051 καὶ

70 1080 109 1166 τῇ
124 1078 269 1166 στρατιῇ
284 1079 328 1167 τῇ
345 1079 382 1146 ἐν
398 1080 441 1166 τῇ
457 1073 582 1170 ἠπείρῳ
602 1084 705 1146 ἔσται·
732 1067 775 1165 ἦν
793 1079 831 1148 di
849 1081 903 1148 ἐπὶ
921 1077 977 1160 τὰς
995 1082 1072 1162 νίας
1089 1079 1212 1171 τρύπη-

69 1207 119 1247 τια
141 1176 205 1259 τὰς
228 1181 267 1248 ἐν
284 1187 467 1268 Σαλαμῖνι,
491 1175 550 1249 τὸν
572 1176 731 1250 ναυτικὸν
753 1177 894 1272 στρατὸν
917 1180 1129 1253 κινδυνεύσει
1154 1190 1213 1271 βα·

68 1278 182 1361 eatenis
201 1276 394 1368 ἀποβαλεῖν.
430 1277 491 1368 τὴν
510 1281 547 1349 di
564 1275 668 1371 ὁρτὴν
685 1278 811 1370 ταύτην
827 1278 944 1370 ἄγουσι
960 1279 1131 1372 Ἀθηναῖοι
1148 1280 1213 1356 cinci

67 1380 177 1453 πάντα
202 1388 280 1452 ἔτεα
301 1384 344 1472 τῇ
366 1384 481 1473 Μητρὶ
504 1384 559 1452 καὶ
583 1386 625 1472 τῇ
642 1380 776 1474 Κούρῃ,
802 1386 857 1454 καὶ
875 1380 988 1456 αύτοὸυ
1004 1414 1040 1456 τε
1057 1381 1074 1456 ὁ
1094 1384 1213 1475 βουλό-

68 1579 106 1631 16.
121 1579 163 1631 18.
176 1580 221 1631 48.
238 1578 282 1630 82.
300 1578 341 1630 84.
355 1578 397 1630 89.
433 1580 470 1629 At
486 1581 564 1641 vm,
584 1579 617 1630 88
669 1581 1213 1649 quiidempng.147dosylluban—(n

66 1649 166 1714 reliqui
180 1640 277 1709 εἷται,
298 1648 376 1698 cuius
393 1648 454 1698 loco
468 1664 536 1699 unus
548 1649 617 1699 Sun—
669 1650 761 1700 multis
775 1652 890 1701 vocibus
904 1653 1210 1717 praepositadIsputut.

66 1718 149 1767 croiti
175 1716 249 1766 liber
271 1710 377 1777 εἰπεῖν,
404 1716 524 1782 itemque
540 1717 615 1778 VIII,
668 1719 815 1783 Reperitur
836 1709 974 1784 αρίδηλος
997 1719 1068 1784 opud
1085 1720 1211 1784 Apellen.

69 1784 124 1835 118.
140 1784 199 1833 128,
216 1782 273 1833 ΜΟ.
289 1785 313 1844 ξ.
327 1784 352 1831 2,
366 1785 420 1847 lx,
432 1782 463 1842 8,
482 1785 529 1834 nbi
548 1800 617 1835 uuus
667 1785 754 1836 Rhod.
768 1787 823 1847 III,
842 1786 902 1836 615.
920 1787 970 1848 IV,
985 1786 1043 1837 727.
1056 1813 1090 1822 —-
1106 1786 1148 1836 Ad
1165 1802 1212 1837 vo-

65 1853 248 1901 I'lorentinus
265 1851 314 1900 det
330 1845 433 1902 εἰπεῖν.
470 1849 522 1901 vii
544 1853 617 1902 enim
668 1868 728 1903 cem
751 1853 890 1919 τιμωρίην
912 1855 986 1904 coni.
1004 1860 1072 1904 nott.
1096 1853 1131 1903 ed
1148 1855 1210 1916 Vll,

66 1920 132 1969 mihi
147 1918 293 1982 credibile,
307 1920 395 1984 ipsum
406 1919 575 1970 Herodotum
588 1922 617 1969 iu
669 1919 725 1970 109.
738 1910 819 1988 -ἢν
832 1949 864 1957 -
876 1916 1047 1988 κατασκήψῃ
1065 1927 1120 1972 est:
1138 1925 1163 1972 ri
1173 1925 1211 1972 in-

66 1987 171 2036 telibus
195 1987 293 2036 formis
322 1992 484 2037 constanter
512 1989 616 2053 egisse:
666 1991 778 2054 aruerit,
793 1992 924 2046 inciderit:
942 1995 1033 2040 mente
1046 1989 1213 2040 eddnslicet

68 2071 136 2119 quas
154 2071 217 2105 eurn
239 2054 276 2104 ed
293 2069 376 2103 uuam
400 2070 522 2105 normam
545 2057 616 2105 redi·
669 2072 702 2106 ex
723 2057 950 2109 antecedentibus
967 2053 999 2108 τὸ
1016 2058 1117 2120 θεῖον,
1139 2058 1211 2124 quod

68 2124 177 2188 gereob
188 2122 320 2172 librorum
332 2128 499 2173 vetustorum
510 2125 616 2173 dissen-
669 2125 752 2173 etiem
770 2126 804 2176 ed
821 2118 963 2191 τράπηται
985 2126 1084 2176 referri
1104 2133 1209 2192 potest:

68 2206 125 2240 sum
136 2191 220 2241 nobis
230 2190 442 2255 haudquaquam
453 2191 546 2250 liceat,
559 2208 615 2242 mn·
667 2191 701 2241 de
715 2194 774 2258 ipso
787 2195 870 2244 verbo
889 2195 942 2243 vid.
956 2200 1024 2244 nott.
1041 2193 1077 2243 ed
1089 2195 1153 2255 VII,
1170 2193 1210 2245 10.

69 2258 106 2307 lui
121 2260 152 2308 iu
171 2257 291 2323 singulis
309 2256 377 2307 locis
390 2258 516 2308 codicum
527 2259 615 2324 potio·
666 2261 691 2335 θ’.
703 2261 727 2309 5.
748 2262 779 2310 In
792 2278 866 2327 seqq.
880 2277 928 2326 pro
941 2252 1074 2327 α’τιοβαλέ
1080 2276 1135 2312 ειν
1146 2262 1210 2312 dedi

69 2327 217 2391 mseqni
231 2326 435 2375 anctoritatem.
454 2327 549 2392 Neque
562 2327 613 2376 nli·
665 2325 853 2393 αποβαλείν;
882 2329 937 2379 vid.
959 2330 1038 2392 VIII,
1062 2329 1095 2378 22
1116 2331 1210 2393 ibique

70 2401 109 2443 ter
120 2395 258 2443 etrtuisse
270 2393 352 2443 video
363 2393 480 2444 Bredov.
491 2410 554 2460 pag.
565 2393 614 2445 352
666 2393 757 2444 leudd.

70 2477 140 2526 seq,
158 2462 206 2526 qui
218 2460 389 2511 Herodotum
403 2467 547 2527 utramque
561 2462 614 2512 ior·
700 2453 757 2512 τίνα
767 2456 862 2513 πάντα
872 2457 946 2530 ἔτεα]
960 2463 978 2512 i.
989 2479 1014 2513 e.
1025 2478 1122 2529 qnoque
1134 2479 1211 2515 αιαιο.

71 2545 139 2579 mun
152 2529 314 2579 adhibuisse
325 2534 414 2594 putet,
428 2535 458 2578 ut
467 2531 530 2579 inde
541 2530 615 2580 haud
666 2530 729 2579 Vid.
747 2536 817 2581 noti.
840 2531 874 2580 ed
896 2531 962 2590 Vll,
983 2529 1038 2581 106.
1078 2533 1120 2580 De
1143 2536 1210 2580 tern-

72 2598 161 2647 ieeilis
172 2599 212 2647 sit
222 2596 396 2659 diiudicatio,
411 2597 460 2647 ubi
472 2597 535 2647 libri
547 2599 615 2648 scri·
666 2613 741 2663 pore,
756 2614 809 2663 quo
821 2613 921 2664 magne
931 2598 1075 2648 Eleusinia
1088 2598 1212 2666 celebre,-

73 2666 195 2784 Ltiointer
213 2680 245 2715 ee
257 2664 403 2725 dissident,
423 2664 488 2729 quid
508 2679 614 2731 quoque
666 2666 780 2728 bantur,
804 2682 864 2717 cum
883 2666 947 2716 olim
964 2665 1143 2716 dissentirent
1158 2666 1212 2716 viri

101 2732 551 2864 &liminium
570 2805 607 2850 n
666 2734 1211 2852 litii¹²iitdiulliiibii·

73 2872 146 2931 erin:
168 2870 204 2920 de
223 2883 276 2932 qno
294 2866 422 2932 loquendi
440 2883 541 2934 genere
553 2818 615 2919 evm:
669 2884 774 2935 quoqne
789 2884 861 2920 enno
874 2869 1022 2934 etquidem
1035 2883 1128 2919 mense
1140 2839 1212 2920 Boi1

71 2937 146 2987 inodo
163 2938 250 2987 Zeun.
273 2935 307 2985 ed
325 2935 419 3001 Vigor.
442 2952 470 3002 p.
491 2936 540 2988 235
558 2951 615 3002 seq.
667 2937 824 3002 dromione,
846 2936 891 3002 qui
912 2951 973 2987 cum
990 2936 1146 3003 Septembri
1161 2952 1211 2987 no·

70 3003 191 3070 Xenoph.
211 3003 301 3053 Anah·
318 3003 359 3061 ll,
377 3004 410 3065 4,
429 3002 455 3054 3.
478 3005 617 3070 Aristoph.
668 3005 1155 3067 strosicsetieconvenit,illaIuisse
1166 3021 1210 3055 ce·

70 3072 135 3122 deli.
158 3070 217 3123 lili.
240 3071 311 3135 qu.
328 3069 387 3122 238.
402 3070 482 3148 ,ΡΙομ
499 3071 616 3139 Apolog.
667 3071 785 3123 lobreto.
809 3073 893 3123 Plura
908 3074 941 3124 de
954 3073 997 3123 his
1009 3078 1170 3123 monuerunt
1179 3073 1210 3123 C.

70 3138 144 3190 Soet.
161 3157 188 3206 p.
202 3139 273 3188 272).
309 3138 373 3189 Mox
389 3130 443 3188 αα’
465 3136 617 3198 Eteocleos
668 3141 713 3190 Fr.
724 3141 911 3198 Hermnnnus,
925 3140 1143 3200 Schoemnnnus‚
1162 3141 1212 3191 elii

70 3201 114 3258 tie
125 3224 141 3259 e
154 3207 321 3258 Florentino
333 3205 442 3272 alioque
455 3206 526 3259 llbro
538 3223 616 3273 repo·
668 3223 751 3326 ιυρτο
763 3207 869 3258 laudati
881 3208 899 3258 l.
911 3208 930 3258 l.
967 3208 1087 3259 Vocibus
1099 3207 1133 3273 τῇ
1144 3208 1210 3273 Μη-

69 3276 150 3326 ritnrn
176 3274 289 3339 (dudum
314 3274 425 3324 iubente
449 3276 615 3341 Wesseling.
667 3292 700 3340 τρ
730 3272 780 3325 καὶ
799 3274 835 3342 τῇ
855 3268 955 3342 Κούρῃ
979 3277 1116 3326 nemiuem
1139 3276 1212 3341 fugit

68 3344 143 3394 Dies.
156 3343 264 3394 Herod.
277 3343 326 3393 XI.
358 3341 427 3391 ‚lei
452 3358 501 3408 pro
514 3334 570 3394 ἐόν.
583 3370 616 3380 -
666 3343 786 3393 indicari
797 3344 914 3394 Cererem
927 3344 1209 3409 ntqueProeerpiunm,

68 3411 157 3462 Paulo
174 3418 243 3460 unte
256 3409 320 3460 dedi
332 3358 414 3475 ύασιί,
432 3425 463 3469 ος
475 3426 524 3476 pro
536 3409 615 3477 duot-
666 3413 707 3461 ite
720 3411 856 3477 appellari
868 3412 966 3462 solitos
977 3412 1006 3461 in
1019 3426 1102 3461 sucro
1111 3416 1211 3475 myste-

69 3478 135 3546 ιηος
145 3486 174 3530 et
183 3477 323 3543 elrocpro
332 3479 418 3536 τίνος,
433 3478 615 3543 quodScbee·
666 3479 767 3529 riorum
781 3480 938 3545 discipline.
974 3478 1016 3529 Ad
1033 3494 1114 3543 quom
1127 3479 1211 3529 etiem

70 3549 142 3598 inne
155 3563 219 3597 cum
231 3546 331 3596 Metili.
346 3550 375 3595 et
385 3545 475 3595 Beklr.
488 3546 616 3613 reliquit;
666 3547 787 3612 pertinet
798 3548 911 3598 verbum
923 3546 1078 3613 μυεῖσθαι,
1093 3562 1146 3612 quo
1157 3548 1212 3597 No-

70 3616 156 3681 ipmn
171 3629 286 3673 vocem,
305 3613 340 3663 eb
354 3612 490 3677 Aeschylo
508 3613 615 3664 adbibi-
666 3619 723 3664 ster
734 3615 818 3679 paulo
831 3620 892 3680 post
902 3630 968 3665 usus
980 3620 1023 3665 ost
1036 3619 1064 3664 et
1073 3616 1113 3675 11,
1127 3613 1173 3673 51,
1187 3615 1212 3664 ei

70 3692 124 3734 tem
136 3684 205 3747 (vid.
215 3685 377 3746 Agamemu.
389 3679 447 3731 380.
461 3682 511 3731 544
523 3681 616 3746 ibique
667 3681 776 3747 quidem
792 3683 861 3732 illud
877 3683 906 3733 in
922 3684 1079 3733 uuiversum
1101 3682 1135 3731 de
1154 3682 1212 3746 qui-

71 3751 222 3802 Blomiield.
242 3752 271 3799 iu
289 3749 455 3811 Glossario),
475 3748 616 3799 Gramma·
667 3750 762 3800 busiris
774 3751 863 3800 sectis
876 3752 986 3801 arcanis
999 3749 1149 3800 secretisve
1163 3749 1210 3799 ed·

71 3821 116 3870 tici
128 3818 274 3887 explicent
285 3811 404 3883 βλάβος,
423 3818 551 3881 damnum,
563 3833 616 3867 ma·
666 3818 789 3879 hibetur3
808 3818 941 3869 hocloco
959 3823 1051 3868 autem
1069 3832 1155 3882 neque
1169 3822 1212 3867 et-

72 3891 130 3945 ln,-
149 3888 232 3954 plurn
250 3886 308 3936 vid.
327 3886 357 3934 in
374 3885 516 3935 Thesauro
532 3887 615 3951 Ling.
667 3901 719 3951 que
733 3885 821 3936 altero
838 3886 872 3935 de
886 3887 921 3935 iis
934 3886 1047 3947 dicitur,
1068 3886 1115 3950 qui
1132 3899 1211 3935 eree·

74 3954 166 4007 Graec.
190 3954 253 4006 Vol.
274 3954 336 4004 VII.
362 3969 389 4017 p.
410 3950 460 4002 267
486 3952 529 4003 ed.
548 3954 616 4003 Din·
666 3955 710 4004 nis
731 3955 878 4004 initinntur
898 3955 999 4016 sucrie,
1031 3952 1125 4019 quelle
1148 3958 1212 4003 sunt

74 4023 136 4075 dori.
667 4036 748 4071 secra
760 4021 917 4083 Eleusinia,
936 4021 964 4071 in
979 4022 1087 4071 Cereris
1106 4026 1134 4071 et
1146 4022 1211 4071 Pro·

100 4087 170 4144 eride
186 4085 244 4159 yeie
260 4080 401 4155 α’ρίδηλα]
420 4090 440 4138 i.
454 4104 479 4139 e.
491 4090 539 4139 Ιιοο
552 4092 617 4139 τοία
667 4090 796 4155 serpinee
814 4089 943 4140 bonorem
963 4089 1118 4150 celebrete3
1138 4089 1211 4139 coni.

73 4162 222 4224 walferium
234 4166 284 4210 est.
320 4159 402 4223 Apud
414 4157 561 4207 Homerum
574 4158 617 4206 in·
667 4155 1213 4222 Thesuur.Ling.Greec.Vol.V.p.1244

74 4231 175 4279 venitur
187 4230 240 4280 hoc
254 4240 340 4278 sensu
350 4215 498 4290 α’ρίζηλοςι
517 4224 552 4274 de
563 4240 617 4289 qun
668 4224 711 4274 ed.
721 4225 857 4287 Dindori.‚
871 4226 919 4275 ubi
932 4225 1011 4291 plure
1021 4224 1054 4273 de
1064 4224 1117 4273 hoc
1125 4224 1211 4273 verbo

73 4311 134 4347 rece
145 4298 219 4348 coni.
232 4295 363 4359 Freitng.
377 4293 469 4342 udlli.
480 4294 514 4353 11,
525 4291 576 4343 318
588 4295 617 4341 et
668 4290 827 4344 afferuntur.
858 4294 994 4343 lutacium
1008 4298 1098 4342 nutem
1111 4291 1211 4355 reliqui

72 4365 221 4418 Bnttmcnn.
239 4362 372 4427 Lexilog.
393 4362 416 4410 1.
437 4377 463 4427 p.
482 4360 533 4410 252
548 4375 615 4425 seq,
666 4361 790 4425 μυεῖται,
805 4377 820 4410 e
833 4361 962 4412 Bredovii
975 4360 1113 4410 sententie
1124 4375 1151 4424 p.
1161 4357 1212 4407 374
