2932 5124
467 370 674 432 URANIA.
699 366 787 432 vm.
814 383 871 436 rso.
1177 369 1237 441 193

101 543 215 613 ἔπιπτε
231 540 268 609 δὲ
284 543 431 627 τοιοῦτο,
455 536 540 609 ὥστε
558 538 635 621 τούς
653 541 716 630 μὲν
732 539 923 633 βαρβάρους
941 542 978 613 τό
996 541 1077 635 πρὸς
1097 530 1238 635 tritone

100 637 381 731 ἄνωτέρωΣιίμου
397 639 443 731 μὴ
461 645 585 730 τολμᾶν
602 647 815 713 καταπλῶσαι
833 643 1141 735 καταρρωδηκότας,
1159 646 1238 729 τούς

101 738 318 832 δὲἝλλρνας,
336 740 537 832 χρηΐζοντων
554 750 658 831 Χίων,
676 741 713 813 τό
730 743 812 835 πρὸς
829 743 890 834 τὴν
908 742 960 835 q’o'
975 751 1149 838 κατωτέρω
1167 747 1236 837 Ar'r

100 852 165 914 lov.
198 841 287 915 οὕτω
306 842 552 934 bisceoprices
571 843 741 934 devolasse
755 868 879 937 σφεων.

100 1006 168 1073 vulg.
181 999 345 1069 ἕκαστέατος
364 1008 419 1059 vid.
434 1009 638 1071 nottadVlll‚
735 1002 808 1062 οὕτω
832 1005 897 1071 δέος
920 1005 952 1063 τὸ
976 1008 1063 1078 μέσον
1093 1006 1236 1079 {polesot

98 1076 123 1123 δ.
149 1075 224 1125 idem
243 1076 392 1137 teciVIll,
408 1075 465 1126 136,
500 1077 541 1126 sd
558 1072 637 1126 σατέ-
690 1076 801 1145 σφεων]
836 1080 913 1129 Bene
942 1081 1233 1147 Schweighaeuserus:

99 1158 178 1195 mss
194 1135 265 1194 elota
285 1144 359 1194 conf.
372 1150 439 1194 nott.
454 1144 488 1194 orl
502 1144 581 1205 Vlll,
599 1145 637 1194 lb.
690 1147 755 1209 „Ito
767 1163 831 1212 quoe
844 1150 869 1196 ln
881 1149 963 1198 κασία
975 1156 1136 1216 utrorumque
1151 1157 1234 1209 erunt,

128 1203 158 1260 τὸ
169 1204 242 1273 πρὸς
255 1200 377 1277 istrione
391 1202 523 1275 ἀνωτέρω
535 1208 638 1276 Σάμου
688 1215 720 1263 ob
729 1216 827 1264 illorum
838 1222 927 1264 metam
938 1218 964 1265 in
976 1222 1029 1267 tuto
1039 1217 1173 1282 soerartf‘
1191 1219 1234 1268 De

99 1294 122 1327 ι
139 1294 161 1329 τ.
176 1277 212 1344 L]
242 1279 379 1329 Herodoti
402 1282 542 1330 sententia
566 1281 637 1329 boec
689 1289 850 1345 argumento
866 1282 922 1333 loci
939 1284 980 1333 sic
998 1285 1123 1350 disputet
1145 1286 1183 1335 W
1186 1301 1235 1336 ee·

100 1354 148 1397 ωτι
170 1350 208 1396 ita
221 1348 321 1409 sadum
337 1362 408 1410 erse,
425 1354 451 1396 ut
469 1363 516 1397 nee
532 1347 639 1395 barbari
688 1352 757 1399 rel:
782 1351 932 1412 „Formido
949 1353 1068 1417 urgebat
1085 1369 1119 1403 ex
1135 1355 1235 1403 Persu-

98 1420 157 1463 ιτα
174 1416 291 1479 perculsi
312 1418 381 1464 ultra
402 1417 502 1466 Samum
522 1415 638 1464 occiden-
689 1431 747 1466 rum
760 1418 877 1468 marimo
889 1424 1049 1484 potentatu,
1067 1425 1124 1469 tum
1139 1421 1232 1483 etiam,

98 1488 142 1531 tea
161 1498 250 1532 serm
273 1485 395 1547 αααίροτα
424 1483 560 1540 auderent,
591 1497 638 1530 nec
689 1485 760 1549 qnod
773 1485 941 1536 Graecorum
954 1487 1032 1538 multi
1047 1488 1233 1538 rcoursttul·

100 1550 198 1613 daea,
211 1553 326 1617 quanvis
338 1566 355 1599 a
368 1550 436 1600 ctio
447 1552 540 1614 repeti,
552 1550 637 1599 orien-
688 1553 819 1602 teriorum
836 1553 957 1604 locorum
970 1555 1071 1605 notitit
1083 1554 1234 1605 deficeren-

98 1619 429 1669 tenrersusaltroDebos.
459 1616 547 1666 effert
557 1617 638 1666 wes—
689 1624 741 1668 tur.
777 1621 820 1670 De
837 1621 931 1671 multis
947 1621 1057 1687 loquore
1075 1637 1139 1672 uam
1150 1623 1234 1672 Athe·

99 1684 225 1751 selingius
237 1686 328 1736 Psvrii
342 1686 528 1734 coniecturam
544 1683 637 1746 „belle
688 1687 832 1738 nienslbus
844 1703 893 1738 ora
904 1689 988 1739 Asiee
1002 1695 1030 1739 et
1042 1689 1180 1740 Thraciae
1199 1689 1235 1739 sd

99 1753 287 1813 „observantis
296 1752 448 1817 planiorem
458 1752 578 1801 futuram
591 1751 637 1801 de·
688 1754 898 1820 Hellespontum
911 1756 1138 1821 navigationibus
1152 1758 1180 1805 in
1192 1755 1234 1806 Si-

98 1821 304 1938 „scriptionem
328 1820 357 1895 si
370 1812 517 1897 κατωτέρω
533 1811 637 1883 Σάρρα
688 1837 782 1887 geum,
802 1823 955 1888 Ephesum,
978 1823 1233 1889 Chersonesumque

98 1893 141 1947 „et
181 1882 295 1951 κτέρω
312 1886 410 1952 Apion
433 1886 556 1951 Scriptor
579 1902 636 1936 mo·
688 1889 912 1954 exploratissima
929 1896 1002 1953 erot3
1020 1891 1234 1956 nequeSparta·

99 1955 214 2015 „luisset
234 1956 336 2004 Verum
347 1954 466 2017 (addidit
476 1955 547 2004 idem
557 1956 637 2005 Wes·
687 1958 731 2008 nis
750 1958 859 2022 ignotus
875 1958 959 2008 Sami
969 1958 1145 2023 viciniaeque
1163 1959 1234 2008 situs

97 2023 255 2088 ,selinginsl
268 2023 371 2071 Noster
386 2022 482 2071 maluit
493 2022 636 2087 vulgatum
687 2025 743 2087 111,
757 2024 799 2075 sd.
834 2025 917 2075 Haud
935 2027 1060 2076 districte
1079 2041 1145 2091 ergo
1161 2025 1233 2076 hoec

14 2084 15 2153 J
98 2089 204 2152 „bsbita
226 2090 372 2153 utriusque
393 2089 501 2139 itineris
526 2089 637 2140 diversa
687 2093 834 2155 sumendo,
859 2108 912 2143 nec
929 2093 963 2143 de
980 2094 1105 2144 omuibus
1123 2094 1233 2145 omniuo

14 2196 15 2205 ,
97 2160 216 2218 „ratione
234 2163 265 2207 et
283 2158 443 2222 respectu.“
477 2158 572 2222 Neque
589 2173 637 2221 po·
688 2159 819 2222 Graecis,
848 2162 932 2210 sicuti
956 2162 1099 2227 accepisse
1122 2160 1233 2211 videtur

14 2258 15 2265 τ
97 2226 156 2275 steri
176 2226 301 2275 editores
322 2224 465 2289 vulgstam
487 2224 635 2274 lectionem
686 2228 823 2278 Liberius
840 2228 888 2278 Or.
905 2229 978 2278 xlx.
997 2245 1061 2297 pag.
1075 2228 1156 2279 480.“
1190 2229 1233 2278 Tu

14 2316 15 2319 ¹
96 2294 212 2343 omnibus
236 2292 319 2342 libris
342 2293 454 2358 scriptis
469 2292 636 2372 ‚comproba
687 2295 760 2347 conf.
775 2297 858 2345 etiam
870 2296 1015 2346 Duncker:
1034 2297 1134 2347 (iareb.
1148 2297 1172 2346 d.
1186 2296 1233 2345 Al·

96 2364 145 2409 tum
160 2365 315 2423 mutarunt,
342 2360 371 2409 in
389 2375 443 2424 qne
458 2374 590 2423 ανωτερω
608 2366 637 2410 et
687 2363 768 2411 tertb.
787 2364 834 2412 IV.
852 2362 951 2427 ptos.
988 2364 1088 2413 Verum
1106 2364 1232 2429 protecto

96 2422 233 2492 κατωτέρω
256 2428 313 2478 sibi
341 2428 443 2493 opponi
471 2427 542 2478 bene
565 2428 637 2477 vidit
688 2435 742 2487 est,
768 2430 839 2493 quod
856 2429 1058 2494 Wesselingius
1080 2429 1230 2492 contendit,

96 2494 378 2562 Schweighaeuser-us,
390 2495 472 2560 idque
482 2496 522 2545 sic
532 2494 634 2545 intelli·
686 2497 914 2557 Atheniensibus,
940 2498 986 2561 qui
1008 2503 1065 2546 tam
1085 2496 1171 2562 longa
1188 2496 1232 2546 iti-

96 2564 202 2626 gendum
214 2568 325 2627 monet,
340 2568 392 2625 „nt
404 2564 571 2629 cogitemus,
586 2564 635 2613 Sa·
686 2580 755 2614 nere
783 2564 941 2615 commercii
965 2579 1052 2614 causa
1080 2580 1129 2630 per
1153 2576 1232 2617 omne

96 2645 177 2689 „mum
194 2631 317 2682 insulam
334 2631 449 2683 Ionicae
465 2646 531 2681 orae
549 2631 635 2680 ruisse
687 2633 747 2682 fere
769 2648 845 2682 mere
862 2632 1094 2681 mediterraneum
1117 2631 1167 2680 illo
1186 2646 1232 2680 ee·

95 2699 235 2761 „riclam
250 2699 352 2749 Delum
363 2714 430 2749 vero
443 2698 472 2747 in
484 2698 575 2748 medio
584 2700 636 2747 Ae·
686 2704 745 2750 tete
759 2701 814 2750 iem
823 2700 1010 2761 instituerant,
1024 2700 1135 2749 Samum
1146 2702 1232 2761 certe,

96 2781 176 2829 „gaso
193 2769 281 2824 mari,
298 2768 359 2832 pari
378 2766 436 2816 iere
454 2766 601 2816 intervallo
618 2781 636 2816 o
687 2782 757 2832 quae
770 2768 862 2818 insula
879 2772 908 2817 et
920 2768 981 2833 ipsa
995 2768 1159 2817 commercio
1171 2771 1233 2815 tsn-

96 2832 243 2893 „Grseeise
269 2834 432 2885 continente
454 2839 482 2883 et
505 2849 522 2883 s
537 2834 635 2883 Ioniae
686 2840 782 2901 tepere
794 2835 899 2897 floruit,
918 2836 1057 2900 cognitam
1070 2835 1170 2884 fuisse:
1190 2849 1232 2883 re·

96 2916 156 2960 „ora
167 2903 332 2953 distantem.
360 2902 450 2967 igitur
462 2901 634 2966 quemadmo·
685 2902 770 2967 liquis
795 2903 924 2965 Graecis,
954 2902 1000 2967 qui
1024 2902 1149 2968 plerique
1178 2916 1232 2951 uon

96 2968 169 3025 ‚dnm
180 2972 209 3020 in
222 2986 253 3021 rs
267 2969 385 3019 nautico
394 2962 558 3033 ἀνοίγεσθαι
568 2969 636 3018 dici·
684 2969 768 3036 louge
780 2986 798 3020 a
807 2970 904 3035 patriis
918 2970 1077 3035 regionibus
1089 2969 1232 3019 discedere

97 3042 163 3097 „tdr,
175 3039 222 3104 qui
235 3038 270 3088 ab
283 3054 332 3088 ora
343 3053 431 3087 oerrsr
439 3043 554 3102 spernes
565 3053 635 3086 more
687 3043 769 3103 etque
782 3044 871 3089 terras
883 3038 992 3103 longius
1004 3043 1124 3088 remotas
1136 3043 1231 3103 petere

97 3107 235 3171 ‚usrigst,
268 3098 451 3169 κατάγεσθαι
480 3120 558 3165 vero,
589 3104 635 3168 qui
686 3105 828 3167 solebant,
845 3121 900 3156 non
916 3106 997 3155 item:
1021 3105 1062 3155 ita
1083 3109 1114 3154 ut
1131 3105 1166 3153 sd
1182 3103 1232 3153 hos

96 3186 175 3230 „oren
185 3168 343 3240 [aponum]
354 3176 426 3236 petit,
439 3173 481 3223 sic
492 3172 575 3222 tseile
585 3185 634 3237 pe·
686 3173 857 3238 potissimum
879 3173 1013 3222 Herodoti
1038 3172 1124 3223 verba
1147 3170 1231 3237 pcrti-

96 3245 155 3301 „tet
169 3246 320 3307 quopscto
329 3241 432 3291 Persae
443 3240 570 3290 dicantur
581 3255 635 3289 uon
686 3245 772 3290 noant
788 3240 921 3301 dicentis,
939 3246 1043 3304 putasse
1058 3241 1172 3289 Graecos
1184 3238 1232 3287 So-

96 3296 236 3372 ,ἆτοτέρω
254 3301 361 3373 Σάμου
378 3309 533 3359 occidentem
547 3322 636 3357 sersus
685 3324 747 3357 norm
764 3315 789 3357 et
806 3309 927 3358 Heredis
943 3310 1070 3357 columnus
1091 3321 1171 3370 oeque
1188 3321 1229 3355 re·

96 3379 397 3440 ‚drwsesrenoaiaors
432 3376 566 3425 lamcum
578 3375 634 3424 De·
685 3382 767 3426 motas
787 3390 853 3425 esse.
893 3375 970 3423 lnest
990 3375 1020 3422 in
1036 3373 1079 3423 his
1097 3387 1177 3434 sane,
1203 3376 1233 3420 ut

96 3442 150 3501 „lus
165 3445 193 3494 in
205 3445 300 3495 medio
313 3445 384 3493 mari
395 3443 508 3509 Aegaeo
520 3443 557 3492 sit
569 3443 633 3504 sita,

97 3512 179 3574 „quie
192 3512 318 3563 Graecia
331 3511 429 3561 Delum
446 3526 542 3561 versus
560 3510 636 3561 usvi-

96 3586 167 3642 ,μὴ
184 3582 209 3631 is
226 3580 341 3646 quidem
356 3578 470 3645 perinde
487 3568 635 3642 α’κρίρεται,

97 3646 168 3708 Μ,
185 3649 233 3714 qui
249 3652 399 3714 postquem
417 3663 432 3697 e
450 3647 570 3697 Graecia
582 3647 636 3694 De·

97 3711 161 3771 olum
182 3716 328 3781 pervenit,
352 3714 452 3764 deinde
468 3713 541 3764 Delo
556 3712 636 3779 profi·

97 3781 214 3857 tuiscone
230 3784 332 3835 Ioniae
348 3797 425 3832 oram
441 3782 525 3847 petit,
544 3781 569 3830 is
586 3796 634 3830 κα-

97 3862 234 3913 ‚susurros
261 3856 292 3901 et
307 3851 442 3901 hactenus
460 3848 529 3899 dicit
549 3849 635 3898 Hero-

98 3915 187 3973 „lotus
198 3914 352 3980 κατωτέρω
364 3912 474 3983 Asilos:
492 3932 543 3966 non
559 3932 635 3966 mesos

97 3994 161 4039 „ease
171 3990 297 4037 orientem
307 4001 397 4036 rerem
408 3983 560 4050 καραιέ*
580 3984 635 4045 Qui

97 4049 159 4101 idem
168 4054 452 4119 Schweighaeuserns
461 4052 490 4101 in
498 4053 567 4101 Lex.
577 4051 633 4101 Hs·

97 4117 173 4170 rodet
182 4122 204 4171 Ι.
218 4138 286 4188 psg.
296 4119 332 4171 62
344 4125 437 4170 monet
453 4120 566 4171 verbum
583 4133 633 4168 son

97 4187 230 4240 παλαῖσαι
244 4189 320 4256 apud
331 4189 461 4239 Nostrum
475 4187 580 4253 plerum
601 4201 633 4236 ue

97 4252 156 4305 nibil
172 4257 230 4308 iere
243 4257 322 4307 alind
334 4260 416 4321 etque
434 4254 551 4320 simplex
562 4202 633 4304 uiui·

97 4332 139 4371 Μ
148 4338 256 4377 tome.

141 4425 300 4473 HERODOT·
322 4429 367 4472 IV·

687 3441 967 3507 Schweighaeuserus
976 3445 1053 3491 recte
1063 3439 1230 3499 observavit,

687 3509 893 3576 „hyperbolica
922 3509 1055 3574 quaedem
1080 3507 1231 3573 descriptio

687 3583 777 3627 metus
795 3584 878 3642 atque
894 3577 1019 3638 terroris,
1045 3576 1091 3641 qui
1109 3574 1233 3625 Graecos

688 3646 813 3710 quemvis
825 3643 978 3694 Salaminis
995 3645 1087 3709 pugut
1102 3643 1232 3704 victores,

688 3719 782 3763 tomen
803 3711 902 3762 deinde
921 3712 1070 3762 etiamnum
1088 3724 1232 3776 percussos

687 3781 811 3841 tenebat,
827 3784 874 3829 aut
886 3779 976 3829 denuo
989 3777 1105 3828 subinde
1119 3778 1160 3840 (ut
1173 3776 1231 3825 fleri

687 3847 807 3908 solebat)
821 3846 923 3897 eisdem
941 3845 1106 3911 obrepebat,
1125 3842 1233 3907 magni·

686 3915 807 3965 tudinem
818 3913 1006 3980 cogitantibus
1016 3911 1141 3978 periculi,
1155 3927 1169 3960 e
1180 3925 1232 3975 quo

685 3988 797 4049 praeter
805 3998 881 4047 spem
891 3982 1101 4046 opinionemque
1113 3993 1233 4029 emerse-

685 4055 761 4111 rant;
780 4064 840 4099 cum
853 4049 1016 4115 praesertim
1029 4049 1112 4097 etium
1125 4051 1189 4095 tuuc
1204 4050 1232 4095 et

684 4116 844 4168 Mardonius
861 4131 922 4167 eum
939 4116 1052 4165 immani
1064 4114 1188 4164 exercitu
1203 4112 1232 4160 iu

686 4186 821 4236 Graeciae
834 4185 989 4235 visceribus
1000 4183 1142 4241 haereret,
1162 4184 1190 4229 et
1202 4179 1231 4228 iu

684 4253 781 4303 Ioniae
794 4268 851 4313 ora,
865 4253 890 4302 si
902 4251 1021 4301 classem
1034 4265 1067 4300 eo
1079 4249 1229 4305 mitterent,

685 4321 791 4371 Xerxes
810 4325 839 4369 et
857 4319 956 4369 classis
972 4332 1039 4369 suae
1051 4315 1125 4367 houd
1137 4311 1232 4379 poeui-

990 4408 1029 4471 13
