2952 5156
494 382 702 442 URANIA.
726 384 816 443 VIII.
839 391 882 446 76.
1197 391 1257 451 115

127 560 232 642 ννχίης
250 551 356 623 πάντα
378 549 438 622 τὸν
455 548 608 642 πορθμὸν
626 556 700 641 τῇσι
718 560 826 641 νηυσί.
852 554 960 623 τοῖνδε
979 554 1016 623 δὲ
1035 559 1162 625 εἵνεκεν
1179 552 1256 644 ἐνῆ-

125 683 179 742 γον
194 651 249 736 τὰς
265 658 360 743 νέας,
379 659 436 724 ἵνα
454 650 496 740 δὴ
513 668 598 723 τοῖσι
606 649 741 741 Ἕλλησι
758 654 842 742 μηδὲ
861 670 985 744 φυγεῖν
1004 658 1070 745 ἐξῇ,
1090 651 1163 725 ritt’
1178 653 1257 726 ἄπο-

125 759 322 845 1αμφοἐννες
358 759 395 826 ἐν
416 758 459 844 τῇ
480 764 648 847 Σαλαμῖνι
675 760 767 826 δοῖεν
784 763 871 825 τίσιν
897 759 964 825 τοῖν
991 752 1044 825 ἐπ’
1065 753 1257 851 Ἀρτεμισίῳ

124 852 360 946 ἀγωνισμάτων.
404 859 436 937 ἐς
456 857 493 925 δὲ
514 853 577 944 τὴν
599 862 721 944 νησῖδα
743 854 805 944 τὴν
827 856 1038 927 Ψυττάλειαν
1055 862 1258 947 καλεομένην

124 955 314 1047 ἀπεβίβαζον
336 961 404 1029 τῶν
422 959 597 1046 Περσέων,
621 958 729 1028 τῶνδε
748 963 893 1047 εἵνεκεν,
919 954 979 1049 pic,
1005 955 1105 1029 ἐπεὰν
1122 962 1257 1047 γένηται

123 1157 311 1220 promontorio,
334 1154 405 1221 quod
428 1154 464 1205 ad
485 1170 613 1207 occasum
632 1160 660 1205 et
710 1158 854 1220 nuntians,
878 1172 926 1218 ea,
945 1171 1016 1221 quae
1029 1157 1185 1208 Herodotus
1197 1156 1223 1208 h.
1237 1158 1255 1208 1.

123 1224 326 1287 septentrionem
357 1224 517 1288 Megaricae
553 1223 659 1287 regioni
710 1224 838 1287 tradidit,
858 1224 993 1289 cumipse
1007 1225 1256 1291 geographiacon·

123 1290 256 1347 obaeratam
269 1295 326 1355 est,
344 1290 423 1341 brevi
441 1291 527 1341 marla
538 1295 629 1340 tractu
642 1307 659 1340 a
711 1292 821 1342 ciliare:
844 1292 915 1342 unde
928 1292 1086 1356 auspicatur
1099 1298 1205 1358 patrem
1214 1292 1256 1342 bi-

121 1358 233 1422 Megaris
250 1362 410 1423 separatum
429 1373 515 1422 eoque
528 1357 659 1407 brevissi·
710 1360 813 1409 ateriae
835 1360 863 1409 in
888 1374 1006 1409 errorem
1030 1358 1171 1409 inductum
1193 1374 1255 1409 aeae

121 1439 185 1474 mum
195 1427 341 1477 transitum
353 1426 503 1490 praebens,
522 1425 574 1474 hoc
593 1424 657 1474 inde
711 1442 743 1477 ec
761 1426 833 1490 quod
849 1426 966 1477 maxime
985 1427 1104 1491 cupierit
1115 1426 1256 1477 oraculum
1285 1452 1292 1471 ·

121 1490 174 1542 loco
184 1493 323 1543 indicavit
333 1507 439 1558 quoque
450 1492 533 1541 Caum
544 1493 573 1540 iu
582 1505 657 1557 map·
707 1494 838 1551 Bacidie,
867 1494 939 1543 unde
969 1493 1129 1558 Cynosurae
1158 1506 1257 1544 nomen

121 1574 152 1623 ps
166 1561 357 1625 geographica
373 1576 414 1609 nr.
432 1558 488 1609 lll.
522 1559 558 1608 At
574 1560 657 1609 nimis
708 1562 867 1626 sumpserit,
885 1560 980 1611 videre
995 1562 1141 1626 expletum.
1178 1562 1256 1625 Quod

120 1632 240 1677 remotum
262 1628 318 1678 boc
341 1627 450 1677 videtur
475 1626 509 1677 ab
532 1643 564 1677 eo
584 1626 655 1688 loco,
707 1628 882 1678 veroLeake
900 1627 951 1676 l.I.
965 1628 1091 1686 conficit,
1110 1621 1163 1694 τήν
1181 1622 1256 1679 Κέον

121 1709 166 1759 qno
177 1695 323 1745 Persarum
336 1694 436 1745 classis
452 1694 598 1744 stationem
610 1694 657 1743 ha·
709 1695 826 1746 forsitan
839 1695 939 1744 mutari
953 1710 1033 1760 posse
1051 1687 1254 1762 inmisericors,
1316 1756 1318 1760 μ

119 1762 200 1812 ansse
209 1762 336 1828 putanda
346 1767 396 1823 eat,
410 1777 499 1826 neque
512 1777 579 1812 sane
590 1776 657 1827 epus
709 1763 727 1812 i.
743 1779 767 1812 e.
785 1761 964 1827 Psyttaliam,
983 1776 1080 1812 vereor
1097 1770 1128 1811 ut
1144 1763 1256 1827 probari

119 1833 171 1878 emt
192 1830 342 1879 circumire
366 1829 546 1891 Salaminem,
575 1830 599 1879 ai
625 1844 657 1878 eo
710 1830 796 1895 possit
808 1829 853 1880 vel
864 1832 977 1894 propter
988 1829 1140 1893 particulas
1153 1844 1184 1879 τε
1196 1826 1255 1893 καὶ,

22 1904 23 1907 ’
118 1895 184 1961 loco,
201 1913 254 1962 quo
268 1897 356 1947 Ceum
373 1898 452 1962 ponit
470 1897 573 1957 Kruae,
592 1897 657 1945 Per·
711 1898 808 1962 quibua
825 1901 941 1960 uterque
957 1894 1036 1946 locus
1051 1895 1098 1946 hio
1114 1896 1255 1963 coniungi-

118 1976 199 2013 sarnm
216 1978 308 2015 uavea
327 1966 381 2014 ianr
395 1964 550 2014 collocatae
569 1970 657 2013 erant.
708 1970 766 2027 tur,
793 1965 862 2014 adeo
885 1968 928 2025 ut,
954 1963 979 2013 ai
996 1962 1139 2027 Cynosura
1158 1980 1257 2015 revera

118 2031 205 2096 Itaque
228 2031 328 2082 malim
352 2047 412 2081 cum
429 2032 519 2096 Anglo
535 2031 595 2081 viro
612 2031 658 2080 do·
710 2033 763 2083 fuit
778 2031 991 2098 promontorium
1012 2029 1120 2081 insulae
1138 2030 1256 2082 Salami-

117 2104 168 2158 eto,
190 2099 304 2150 Leakio
325 2100 388 2162 (Die
412 2099 518 2148 Demen
541 2099 659 2148 Attica'a
709 2101 790 2162 niae,
812 2101 897 2151 Ccum
920 2096 1009 2149 simile
1032 2099 1096 2163 quid
1113 2098 1210 2151 eadem
1228 2101 1256 2149 in
1304 2134 1308 2141 -

117 2165 322 2282 pag.199seq.),
334 2166 418 2216 Ceuns
428 2182 560 2231 quaerere
571 2166 658 2215 inSa·
710 2167 802 2217 Insula
820 2167 906 2217 fuisse
924 2165 1067 2232 probabile
1085 2166 1182 2232 utique
1197 2166 1253 2217 fiat

22 2246 23 2253 ¹
128 2235 239 2284 sminiae
258 2234 371 2285 insulae
384 2242 464 2299 parte
478 2234 659 2284 adorientem
710 2236 751 2284 Ad
768 2250 885 2300 sequena
903 2227 1124 2284 τώνδεδὲοοιιῖ.
1138 2239 1206 2286 ιιο11.
1221 2235 1256 2284 ad

119 2306 143 2349 et
156 2302 298 2352 meridiem
316 2316 410 2363 versa,
433 2301 508 2351 haud
529 2301 624 2366 procul
642 2317 659 2350 a
711 2304 789 2363 VIII,
803 2301 837 2351 40
854 2291 1254 2366 ο1οδοῖπο1αμφοι1ντεον1ι1.

21 2360 24 2427 ζ
118 2368 251 2431 Cynosura
264 2368 528 2434 etpanlcinferiua.
547 2370 590 2419 De
604 2367 655 2431 Cy·
709 2369 798 2419 allata
812 2370 890 2428 adV,
908 2367 963 2419 101.
992 2368 1150 2421 Transitum
1163 2371 1254 2420 modo·
1314 2425 1317 2429 ,

118 2449 209 2487 neanra
227 2437 305 2487 enim
324 2437 413 2487 minue
434 2436 556 2486 dubitari
575 2450 656 2503 ponae
708 2452 766 2486 rum
791 2433 852 2499 (ἵνα
877 2428 913 2500 δὴ
937 2461 968 2469 —-
995 2426 1055 2500 ἐξῇ
1077 2461 1107 2469 -
1129 2426 1201 2486 citici
1223 2462 1254 2470 —-

22 2496 24 2511 '
118 2504 228 2567 ridetur3
243 2503 657 2570 significaturopinorilleter·
710 2502 821 2566 δοῖεν)
844 2503 909 2553 binc
935 2502 1029 2567 attigit
1054 2502 1085 2552 C.
1104 2504 1254 2553 Hermann.

22 2644 24 2671 ³
118 2653 161 2689 ora
175 2638 310 2690 orientali
332 2645 360 2689 et
381 2641 503 2705 proxime
520 2638 658 2689 accedens
710 2640 785 2702 adl,

118 2586 158 2621 rae
179 2577 289 2623 tractus
311 2573 341 2621 in
361 2587 436 2622 mare
459 2578 601 2638 porrectus
622 2570 657 2620 ab
710 2572 746 2621 ad
763 2572 856 2687 Viper.
874 2585 937 2635 pag.
955 2568 1015 2618 851.
1051 2570 1093 2618 Τιι
1113 2570 1169 2619 οἰδ.
1186 2575 1253 2619 nott.

816 2638 849 2688 85
863 2637 927 2688 coll.
940 2637 986 2698 IV,
1002 2634 1059 2687 180.
1073 2636 1125 2698 IX,
1139 2634 1181 2686 51.
1200 2653 1255 2700 φν-

21 2694 23 2751 l
118 2704 256 2757 adter'rarn
265 2709 405 2769 Atticam,
419 2723 474 2757 non
485 2707 567 2771 longe
578 2706 612 2756 ab
626 2720 658 2754 eo
709 2708 773 2772 γεῑν
785 2722 800 2756 e
813 2704 975 2756 Florentino
988 2703 1052 2752 dedi
1064 2718 1113 2768 pro
1126 2697 1254 2768 φυγέειν,

117 2770 182 2836 loco,
194 2776 241 2825 ubi
254 2774 322 2826 olim
335 2769 468 2840 πορθμὸς
479 2774 533 2823 fuit
544 2772 657 2837 (Herod.
710 2780 741 2825 ιι1
757 2773 837 2836 VIII,
854 2772 887 2822 87
906 2776 934 2821 et
951 2769 985 2821 88
1002 2768 1172 2836 διαφυγεῖν,
1198 2772 1255 2822 vid.

119 2840 246 2905 Vlll,i)l)
264 2859 291 2893 a.
303 2843 438 2893 traiectus
451 2841 486 2892 ab
499 2841 566 2891 urbe
580 2840 659 2891 Sale.-
709 2842 826 2892 Bredov.
840 2858 867 2908 p.
880 2839 938 2890 325.
975 2839 1008 2888 In
1025 2838 1255 2889 antecedentibus

118 2910 195 2961 ninia
214 2912 395 2961 inAtIIcam:
419 2914 659 2974 nuncpromonto-
711 2910 774 2959 dedi
798 2909 932 2972 κατεῖχον
954 2906 1091 2970 plerisque
1114 2907 1190 2956 codd.
1214 2909 1255 2956 ita

119 2976 179 3027 rium
190 2993 291 3029 nomen
304 2977 389 3028 babet
398 2993 416 3027 a
424 2978 486 3027 vico
500 2978 528 3026 in
540 2976 592 3026 hoc
605 2979 660 3026 tra·
710 2977 869 3027 iubentibus
879 2991 927 3041 pro
938 2968 1067 3039 κατέχον,
1082 2974 1152 3037 quod
1164 2989 1196 3024 ex
1207 2990 1253 3023 an·

120 3049 160 3094 ctu
170 3046 236 3106 sito,
252 3047 300 3096 cui
312 3060 411 3096 nomen
424 3045 510 3110 Apdia
525 3045 659 3094 Vaructra:
710 3044 795 3109 tiquie
819 3042 986 3095 editionibus
1007 3041 1159 3091 retinuerat
1176 3041 1254 3092 Gais-

119 3112 167 3161 aid
183 3113 282 3164 Leake
300 3113 321 3162 l.
333 3112 352 3162 l.
366 3111 428 3162 coli.
439 3113 541 3162 Krueio
559 3128 585 3177 p.
599 3110 659 3162 304.
710 3111 825 3162 fordius.
864 3110 948 3160 Facit
968 3124 1075 3159 mecum
1098 3124 1196 3159 censor
1212 3110 1256 3158 Ie·

119 3177 172 3229 tet.
205 3182 281 3243 Quin
296 3181 444 3230 etiamnum
457 3179 584 3230 inbocce
597 3194 658 3243 pro·
709 3181 804 3229 nensis
830 3175 905 3231 1828.
926 3192 967 3227 nr.
988 3174 1043 3226 180.
1061 3192 1088 3241 p.
1104 3174 1150 3237 40,
1176 3188 1255 3240 quem

22 3266 23 3269 ¹
120 3249 245 3299 montorio
267 3248 377 3313 tropaei
398 3264 415 3297 a
433 3246 548 3297 Graecia
568 3247 598 3296 in
618 3246 658 3296 ri·
709 3246 854 3311 Stegerum
867 3260 928 3294 ease
942 3244 1069 3293 coniicio.

121 3317 217 3366 ctoriae
240 3316 399 3366 memoriam
421 3315 507 3365 erecti
526 3314 658 3378 reliquiae
742 3308 919 3380 οἱπεβίβαζον
943 3310 999 3361 τῶν
1016 3304 1166 3374 Περσέων]
1194 3310 1255 3359 aeil.

121 3384 245 3446 quasdam
273 3384 393 3433 inveniri
425 3387 546 3433 testatur
574 3380 657 3442 (leit,
709 3374 800 3441 τινας.
836 3380 878 3431 Ad
892 3372 1079 3444 ἐξοισομένων
1091 3377 1164 3426 conf.
1177 3377 1253 3440 VIII,

121 3465 193 3513 quern
209 3453 281 3501 citat
297 3452 387 3500 Kruae
403 3448 422 3499 l.
441 3450 459 3499 1.
477 3467 504 3515 p.
522 3448 581 3500 307.
616 3448 658 3498 Ab
709 3449 849 3514 latetque
861 3447 931 3497 nott.
946 3447 1086 3496 etlanaon
1098 3442 1254 3495 inJahrbb.

121 3516 167 3567 hoc
188 3520 273 3584 igitar
292 3518 354 3577 Ioco
375 3523 491 3582 utroque
513 3518 659 3568 Persarum
710 3518 729 3567 f.
747 3515 883 3581 Philolog.
902 3511 995 3579 Suppl.
1013 3513 1086 3563 xlx.
1111 3527 1174 3577 pag.
1196 3510 1255 3561 515.

121 3599 211 3647 nares,
233 3600 306 3651 qnae
327 3586 358 3636 in
380 3587 501 3636 statione
518 3586 558 3636 ibi
577 3584 658 3634 eollo·
708 3584 751 3635 ad
775 3584 827 3633 boc
849 3597 916 3633 vcro
939 3581 1116 3647 participium
1137 3578 1257 3643 pertinet

122 3659 195 3703 eatae
213 3658 305 3711 erant,
329 3658 459 3716 evectae,
483 3668 513 3703 ae
534 3653 659 3717 reliquae
710 3642 760 3714 uic,
780 3650 851 3715 qnod
864 3650 982 3715 strange
999 3648 1076 3709 (ibid.
1089 3647 1139 3707 111,
1156 3664 1181 3711 p.
1194 3646 1255 3709 5110)

123 3719 199 3770 classi
211 3722 404 3783 adiunxcrunt,
419 3721 459 3770 ita
469 3726 501 3770 nt
512 3736 591 3771 omne
605 3720 659 3769 fre·
710 3721 749 3769 aie
774 3719 866 3782 accipi
887 3715 959 3776 vuit,
984 3721 1015 3765 ut
1036 3731 1097 3764 mox
1114 3718 1256 3779 repetatur

122 3790 184 3849 tum,
208 3788 281 3854 quod
304 3789 376 3839 inter
399 3788 567 3839 Salaminem
590 3787 661 3837 Atti·
711 3785 849 3852 particula
865 3782 1017 3835 Iacetloei
1032 3782 1171 3832 sententies
1185 3781 1255 3831 baec

123 3870 229 3921 eamque
240 3862 293 3918 eat,
306 3856 423 3907 navibus
433 3855 616 3922 compleretur
626 3854 661 3904 sd
712 3855 762 3904 ait:
786 3854 972 3909 existimantes,
997 3851 1097 3917 quando
1119 3850 1192 3908 saeta
1216 3865 1255 3899 ea·

122 3921 291 3987 Munychiam
313 3939 399 3988 usqne
420 3929 568 3974 retrorsum
585 3937 661 3972 mare
711 3928 752 3972 eet
762 3937 848 3985 papea
859 3920 968 3977 amatia,
986 3919 1197 3982 luscpotieer'muas
1211 3919 1254 3966 de·

123 3991 282 4055 tegentibus.
329 3991 407 4052 Quae
437 4007 498 4041 curn
527 3992 568 4041 ita
596 3991 661 4051 aint,
712 3993 789 4040 tatum
816 3990 852 4037 iri
877 3993 902 4037 et
929 3988 1039 4037 homines
1062 3993 1088 4034 et
1110 3984 1255 4049 naufrnpia.

125 4059 251 4108 accedere
272 4074 378 4122 nequeo
394 4059 442 4120 iis,
469 4074 538 4121 quae
561 4058 661 4108 statuit
713 4057 792 4119 Quod
813 4055 936 4119 sequitur
958 4044 990 4109 ἐν
1010 4050 1049 4118 τῷ
1069 4043 1148 4116 πόρῳ
1165 4051 1255 4101 ualet:

125 4124 216 4176 Crete:
229 4126 343 4190 Hiatory
356 4127 387 4176 oi
398 4126 505 4176 Greece
515 4127 547 4175 V.
561 4143 587 4191 p.
603 4124 659 4181 173,
711 4125 793 4184 irrata,
805 4125 1015 4188 aparttrarreitum
1024 4122 1178 4170 maritimum.
1192 4118 1255 4169 Vid.

126 4195 193 4243 (kara
205 4198 233 4244 et
246 4194 400 4257 Ογαοοαναιιι
412 4194 536 4244 reserens
550 4193 585 4243 ad
598 4193 660 4242 loca
713 4192 785 4242 Gail.
805 4191 840 4240 ad
857 4191 964 4255 Scymn.
983 4188 1078 4238 Chium
1095 4187 1154 4238 518.
1171 4187 1203 4234 Τ.
1217 4186 1254 4234 II.

125 4260 206 4311 minna
219 4263 332 4326 cognita
344 4263 372 4312 in
383 4263 478 4312 Attica
489 4262 558 4320 eita,
572 4274 659 4325 neque
711 4275 775 4324 pag.
792 4258 843 4309 374
859 4273 917 4322 seq.
941 4255 1082 4333 Plutarch:
1100 4252 1212 4304 Aristid.
1225 4250 1254 4300 9:

127 4326 153 4377 ἰιι
167 4328 321 4394 Salamine,
339 4329 504 4394 difficileque
522 4344 582 4379 esee
600 4344 661 4392 pro·
710 4322 765 4392 τὴν
780 4318 974 4388 Ψυττάλειαν,
990 4340 1009 4388 η
1027 4337 1082 4385 προ
1099 4319 1149 4385 τῆς
1161 4318 1255 4368 Σαλα-

1010 4408 1053 4474 8.
