<?xml version="1.0" encoding="UTF-8"?>
<!DOCTYPE html PUBLIC "-//W3C//DTD XHTML 1.0 Transitional//EN"
    "http://www.w3.org/TR/xhtml1/DTD/xhtml1-transitional.dtd">
<html xmlns="http://www.w3.org/1999/xhtml" xml:lang="en" lang="en">
 <head>
  <title>
</title>
<meta http-equiv="Content-Type" content="text/html;charset=utf-8" />
  <meta name='ocr-system' content='tesseract 3.04.00' />
  <meta name='ocr-capabilities' content='ocr_page ocr_carea ocr_par ocr_line ocrx_word'/>
</head>
<body>
  <div class='ocr_page' id='page_1' title='image "./herodotihalicar04bhgoog/herodotihalicar04bhgoog_0276.png"; bbox 0 0 2932 5124; ppageno 0'>
   <div class='ocr_carea' id='block_1_1' title="bbox 431 374 1236 443">
    <p class='ocr_par' dir='ltr' id='par_1_1' title="bbox 431 374 1236 443">
     <span class='ocr_line' id='line_1_1' title="bbox 431 374 1236 443; baseline 0.009 -8"><span class='ocrx_word' id='word_1_1' title='bbox 431 374 693 435; x_wconf 80' lang='lat' dir='ltr'><strong>CALLIOPE.</strong></span> <span class='ocrx_word' id='word_1_2' title='bbox 718 378 776 436; x_wconf 86' lang='lat' dir='ltr'><strong>IX.</strong></span> <span class='ocrx_word' id='word_1_3' title='bbox 804 384 842 437; x_wconf 83' lang='grc'><strong>17.</strong></span> <span class='ocrx_word' id='word_1_4' title='bbox 871 388 909 438; x_wconf 84' lang='grc'><strong>18.</strong></span> <span class='ocrx_word' id='word_1_5' title='bbox 1173 382 1236 443; x_wconf 79' lang='lat'><strong>247</strong></span> 
     </span>
    </p>
   </div>
   <div class='ocr_carea' id='block_1_2' title="bbox 66 544 1281 1860">
    <p class='ocr_par' dir='ltr' id='par_1_2' title="bbox 66 544 1281 1860">
     <span class='ocr_line' id='line_1_2' title="bbox 109 544 1235 639; baseline 0.003 -21"><span class='ocrx_word' id='word_1_6' title='bbox 109 547 251 630; x_wconf 80' lang='grc' dir='ltr'><strong><em>ποιεύτάς</em></strong></span> <span class='ocrx_word' id='word_1_7' title='bbox 269 577 299 618; x_wconf 95' lang='grc' dir='ltr'><strong>τι</strong></span> <span class='ocrx_word' id='word_1_8' title='bbox 317 550 372 618; x_wconf 78' lang='grc' dir='ltr'><strong>καλ</strong></span> <span class='ocrx_word' id='word_1_9' title='bbox 391 544 622 638; x_wconf 73' lang='grc' dir='ltr'><strong><em>ἀμυνομένους</em></strong></span> <span class='ocrx_word' id='word_1_10' title='bbox 639 552 832 637; x_wconf 89' lang='grc' dir='ltr'><strong><em>τελευτῆσαι</em></strong></span> <span class='ocrx_word' id='word_1_11' title='bbox 850 546 908 619; x_wconf 89' lang='grc' dir='ltr'><strong>τόν</strong></span> <span class='ocrx_word' id='word_1_12' title='bbox 926 552 1048 638; x_wconf 81' lang='grc' dir='ltr'><strong><em>αλωνα,</em></strong></span> <span class='ocrx_word' id='word_1_13' title='bbox 1073 548 1157 639; x_wconf 80' lang='grc' dir='ltr'><strong><em>ἥπερ</em></strong></span> <span class='ocrx_word' id='word_1_14' title='bbox 1175 578 1235 621; x_wconf 85' lang='grc' dir='ltr'><strong>πα·</strong></span> 
     </span>
     <span class='ocr_line' id='line_1_3' title="bbox 107 647 1234 744; baseline 0.003 -24"><span class='ocrx_word' id='word_1_15' title='bbox 107 654 250 740; x_wconf 81' lang='grc' dir='ltr'><strong><em>ρέχοντας</em></strong></span> <span class='ocrx_word' id='word_1_16' title='bbox 269 653 499 741; x_wconf 72' lang='grc' dir='ltr'><strong><em>διαφθαρῆναι</em></strong></span> <span class='ocrx_word' id='word_1_17' title='bbox 517 657 674 744; x_wconf 78' lang='grc' dir='ltr'><strong><em>αἰσχίστῳ</em></strong></span> <span class='ocrx_word' id='word_1_18' title='bbox 691 649 791 743; x_wconf 80' lang='grc' dir='ltr'><strong><em>μόρῳ.</em></strong></span> <span class='ocrx_word' id='word_1_19' title='bbox 812 647 896 721; x_wconf 86' lang='grc' dir='ltr'><strong>ἀλλά</strong></span> <span class='ocrx_word' id='word_1_20' title='bbox 905 654 1041 741; x_wconf 85' lang='grc' dir='ltr'><strong><em>μαθέτω</em></strong></span> <span class='ocrx_word' id='word_1_21' title='bbox 1051 681 1101 733; x_wconf 90' lang='grc' dir='ltr'><strong>τις</strong></span> <span class='ocrx_word' id='word_1_22' title='bbox 1111 648 1234 742; x_wconf 74' lang='grc' dir='ltr'><strong><em>αὐτων,</em></strong></span> 
     </span>
     <span class='ocr_line' id='line_1_4' title="bbox 106 748 1233 844; baseline 0.001 -22"><span class='ocrx_word' id='word_1_23' title='bbox 106 749 149 822; x_wconf 85' lang='grc' dir='ltr'><strong>ότι</strong></span> <span class='ocrx_word' id='word_1_24' title='bbox 180 751 287 832; x_wconf 77' lang='grc' dir='ltr'><strong><em>ἐόντες</em></strong></span> <span class='ocrx_word' id='word_1_25' title='bbox 311 750 475 841; x_wconf 80' lang='grc' dir='ltr'><strong><em>βάρβαροι</em></strong></span> <span class='ocrx_word' id='word_1_26' title='bbox 510 748 562 821; x_wconf 80' lang='grc' dir='ltr'><strong>ἐπ’</strong></span> <span class='ocrx_word' id='word_1_27' title='bbox 592 748 727 840; x_wconf 82' lang='grc' dir='ltr'><strong><em>Ἕλλησι</em></strong></span> <span class='ocrx_word' id='word_1_28' title='bbox 761 748 902 842; x_wconf 82' lang='grc' dir='ltr'><strong><em>ἀνδράσι</em></strong></span> <span class='ocrx_word' id='word_1_29' title='bbox 932 751 1039 842; x_wconf 90' lang='grc' dir='ltr'><strong><em>φόνον</em></strong></span> <span class='ocrx_word' id='word_1_30' title='bbox 1074 761 1233 844; x_wconf 78' lang='grc' dir='ltr'><strong><em>ἔρραψαν.</em></strong></span> 
     </span>
     <span class='ocr_line' id='line_1_5' title="bbox 103 844 1281 945; baseline 0.006 -21"><span class='ocrx_word' id='word_1_31' title='bbox 103 848 133 924; x_wconf 84' lang='lat'><strong>‘0</strong></span> <span class='ocrx_word' id='word_1_32' title='bbox 141 844 370 943; x_wconf 74' lang='grc' dir='ltr'><strong><em>μλνιόυταῠτα</em></strong></span> <span class='ocrx_word' id='word_1_33' title='bbox 381 861 549 944; x_wconf 81' lang='grc' dir='ltr'><strong><em>παραίνεε.</em></strong></span> <span class='ocrx_word' id='word_1_34' title='bbox 568 859 604 923; x_wconf 80' lang='grc' dir='ltr'><strong><em>ολ</em></strong></span> <span class='ocrx_word' id='word_1_35' title='bbox 625 854 661 924; x_wconf 73' lang='grc' dir='ltr'><strong>δὲ</strong></span> <span class='ocrx_word' id='word_1_36' title='bbox 680 856 807 939; x_wconf 77' lang='grc' dir='ltr'><strong><em>ἱππέες,</em></strong></span> <span class='ocrx_word' id='word_1_37' title='bbox 828 858 902 925; x_wconf 82' lang='grc' dir='ltr'><strong><em>ἐπεί</em></strong></span> <span class='ocrx_word' id='word_1_38' title='bbox 916 858 954 925; x_wconf 89' lang='grc' dir='ltr'><strong>τέ</strong></span> <span class='ocrx_word' id='word_1_39' title='bbox 968 876 1072 945; x_wconf 88' lang='grc' dir='ltr'><strong><em>σφεας</em></strong></span> <span class='ocrx_word' id='word_1_40' title='bbox 1092 854 1281 931; x_wconf 62' lang='lat' dir='ltr'><strong>enutri-18</strong></span> 
     </span>
     <span class='ocr_line' id='line_1_6' title="bbox 106 949 1236 1045; baseline 0.003 -21"><span class='ocrx_word' id='word_1_41' title='bbox 106 977 211 1043; x_wconf 87' lang='grc' dir='ltr'><strong><em>σαντο,</em></strong></span> <span class='ocrx_word' id='word_1_42' title='bbox 230 953 422 1044; x_wconf 78' lang='grc' dir='ltr'><strong><em>ἐπήλαυνον</em></strong></span> <span class='ocrx_word' id='word_1_43' title='bbox 439 949 484 1035; x_wconf 76' lang='grc' dir='ltr'><strong>ἀς</strong></span> <span class='ocrx_word' id='word_1_44' title='bbox 500 951 713 1043; x_wconf 70' lang='grc' dir='ltr'><strong><em>ἀπολέοντες,</em></strong></span> <span class='ocrx_word' id='word_1_45' title='bbox 731 959 787 1026; x_wconf 82' lang='grc' dir='ltr'><strong>καὶ</strong></span> <span class='ocrx_word' id='word_1_46' title='bbox 802 954 843 1045; x_wconf 80' lang='grc' dir='ltr'><strong>δὴ</strong></span> <span class='ocrx_word' id='word_1_47' title='bbox 863 962 1062 1027; x_wconf 71' lang='grc' dir='ltr'><strong><em>διετείνοντο</em></strong></span> <span class='ocrx_word' id='word_1_48' title='bbox 1079 954 1119 1028; x_wconf 86' lang='grc' dir='ltr'><strong><em>τά</em></strong></span> <span class='ocrx_word' id='word_1_49' title='bbox 1136 962 1236 1045; x_wconf 84' lang='grc' dir='ltr'><strong><em>βέλεα</em></strong></span> 
     </span>
     <span class='ocr_line' id='line_1_7' title="bbox 107 1052 1234 1149; baseline 0.004 -23"><span class='ocrx_word' id='word_1_50' title='bbox 107 1052 354 1145; x_wconf 80' lang='grc' dir='ltr'><strong><em>όςάτήσοντες·</em></strong></span> <span class='ocrx_word' id='word_1_51' title='bbox 384 1064 444 1127; x_wconf 85' lang='grc' dir='ltr'><strong>καί</strong></span> <span class='ocrx_word' id='word_1_52' title='bbox 463 1055 525 1127; x_wconf 78' lang='lat' dir='ltr'><strong>aod</strong></span> <span class='ocrx_word' id='word_1_53' title='bbox 548 1086 597 1139; x_wconf 87' lang='grc' dir='ltr'><strong>τις</strong></span> <span class='ocrx_word' id='word_1_54' title='bbox 615 1060 670 1127; x_wconf 80' lang='grc' dir='ltr'><strong>καὶ</strong></span> <span class='ocrx_word' id='word_1_55' title='bbox 687 1054 803 1146; x_wconf 86' lang='grc' dir='ltr'><strong><em>ἀπῆκε.</em></strong></span> <span class='ocrx_word' id='word_1_56' title='bbox 834 1060 889 1128; x_wconf 81' lang='grc' dir='ltr'><strong>καὶ</strong></span> <span class='ocrx_word' id='word_1_57' title='bbox 906 1064 941 1129; x_wconf 81' lang='lat' dir='ltr'><strong>oi</strong></span> <span class='ocrx_word' id='word_1_58' title='bbox 955 1055 1062 1129; x_wconf 85' lang='grc' dir='ltr'><strong><em>ἀντίοι</em></strong></span> <span class='ocrx_word' id='word_1_59' title='bbox 1080 1062 1234 1149; x_wconf 81' lang='grc' dir='ltr'><strong><em>ἕστασαν,</em></strong></span> 
     </span>
     <span class='ocr_line' id='line_1_8' title="bbox 107 1156 1233 1251; baseline 0.003 -23"><span class='ocrx_word' id='word_1_60' title='bbox 107 1157 201 1246; x_wconf 79' lang='grc' dir='ltr'><strong><em>πόντη</em></strong></span> <span class='ocrx_word' id='word_1_61' title='bbox 229 1162 476 1247; x_wconf 70' lang='grc' dir='ltr'><strong><em>συστρέψαντες</em></strong></span> <span class='ocrx_word' id='word_1_62' title='bbox 506 1156 652 1241; x_wconf 77' lang='grc' dir='ltr'><strong><em>έωυτοός</em></strong></span> <span class='ocrx_word' id='word_1_63' title='bbox 675 1161 731 1230; x_wconf 75' lang='grc' dir='ltr'><strong>καὶ</strong></span> <span class='ocrx_word' id='word_1_64' title='bbox 756 1158 991 1242; x_wconf 77' lang='grc' dir='ltr'><strong><em>πυκνώσαντες</em></strong></span> <span class='ocrx_word' id='word_1_65' title='bbox 1018 1156 1062 1242; x_wconf 81' lang='grc' dir='ltr'><strong>τός</strong></span> <span class='ocrx_word' id='word_1_66' title='bbox 1084 1159 1233 1251; x_wconf 81' lang='grc' dir='ltr'><strong><em>μάλιστα.</em></strong></span> 
     </span>
     <span class='ocr_line' id='line_1_9' title="bbox 108 1254 1235 1352; baseline 0.002 -21"><span class='ocrx_word' id='word_1_67' title='bbox 108 1263 241 1331; x_wconf 71' lang='grc' dir='ltr'><strong><em>ἐνθαῦτα</em></strong></span> <span class='ocrx_word' id='word_1_68' title='bbox 258 1265 294 1330; x_wconf 81' lang='lat' dir='ltr'><strong>oi</strong></span> <span class='ocrx_word' id='word_1_69' title='bbox 316 1258 454 1331; x_wconf 73' lang='lat' dir='ltr'><strong>inadusto</strong></span> <span class='ocrx_word' id='word_1_70' title='bbox 477 1254 688 1350; x_wconf 78' lang='grc' dir='ltr'><strong><em>ὑπέστρεφον</em></strong></span> <span class='ocrx_word' id='word_1_71' title='bbox 711 1264 766 1331; x_wconf 79' lang='grc' dir='ltr'><strong>καὶ</strong></span> <span class='ocrx_word' id='word_1_72' title='bbox 790 1257 985 1352; x_wconf 80' lang='grc' dir='ltr'><strong><em>ἀπήλαυνον</em></strong></span> <span class='ocrx_word' id='word_1_73' title='bbox 1007 1258 1123 1333; x_wconf 85' lang='grc' dir='ltr'><strong><em>ὀπίσω,</em></strong></span> <span class='ocrx_word' id='word_1_74' title='bbox 1162 1260 1235 1333; x_wconf 84' lang='grc' dir='ltr'><strong>Οόκ</strong></span> 
     </span>
     <span class='ocr_line' id='line_1_10' title="bbox 107 1353 1234 1453; baseline 0.003 -22"><span class='ocrx_word' id='word_1_75' title='bbox 107 1368 160 1451; x_wconf 78' lang='grc' dir='ltr'><strong>ἔχω</strong></span> <span class='ocrx_word' id='word_1_76' title='bbox 176 1358 203 1431; x_wconf 89' lang='lat' dir='ltr'><strong>d&#39;</strong></span> <span class='ocrx_word' id='word_1_77' title='bbox 220 1358 387 1451; x_wconf 86' lang='grc' dir='ltr'><strong><em>ἀτρεκέως</em></strong></span> <span class='ocrx_word' id='word_1_78' title='bbox 412 1369 534 1450; x_wconf 77' lang='grc' dir='ltr'><strong><em>εἰπεῖν,</em></strong></span> <span class='ocrx_word' id='word_1_79' title='bbox 570 1360 647 1433; x_wconf 82' lang='grc' dir='ltr'><strong><em>οὔτε</em></strong></span> <span class='ocrx_word' id='word_1_80' title='bbox 673 1371 703 1432; x_wconf 82' lang='grc' dir='ltr'><strong><em>εἰ</em></strong></span> <span class='ocrx_word' id='word_1_81' title='bbox 725 1353 832 1452; x_wconf 85' lang='grc' dir='ltr'><strong><em>ῆλθον</em></strong></span> <span class='ocrx_word' id='word_1_82' title='bbox 855 1364 917 1453; x_wconf 73' lang='grc' dir='ltr'><strong>μέν</strong></span> <span class='ocrx_word' id='word_1_83' title='bbox 939 1360 1134 1445; x_wconf 75' lang='grc' dir='ltr'><strong><em>ἀπολέοντες</em></strong></span> <span class='ocrx_word' id='word_1_84' title='bbox 1156 1362 1234 1446; x_wconf 81' lang='grc' dir='ltr'><strong>τούς</strong></span> 
     </span>
     <span class='ocr_line' id='line_1_11' title="bbox 106 1462 1235 1555; baseline 0.001 -21"><span class='ocrx_word' id='word_1_85' title='bbox 106 1465 247 1551; x_wconf 77' lang='grc' dir='ltr'><strong><em>Φωκέας,</em></strong></span> <span class='ocrx_word' id='word_1_86' title='bbox 273 1466 467 1552; x_wconf 78' lang='grc' dir='ltr'><strong><em>δεηθέντων</em></strong></span> <span class='ocrx_word' id='word_1_87' title='bbox 485 1469 681 1535; x_wconf 77' lang='grc' dir='ltr'><strong><em>Θεσσαλων·</em></strong></span> <span class='ocrx_word' id='word_1_88' title='bbox 719 1468 789 1534; x_wconf 80' lang='grc' dir='ltr'><strong><em>ἐπεὶ</em></strong></span> <span class='ocrx_word' id='word_1_89' title='bbox 810 1466 848 1535; x_wconf 76' lang='grc' dir='ltr'><strong><em>δέ</em></strong></span> <span class='ocrx_word' id='word_1_90' title='bbox 865 1462 964 1555; x_wconf 72' lang='grc' dir='ltr'><strong><em>ὅρων</em></strong></span> <span class='ocrx_word' id='word_1_91' title='bbox 981 1463 1062 1550; x_wconf 85' lang='grc' dir='ltr'><strong><em>πρός</em></strong></span> <span class='ocrx_word' id='word_1_92' title='bbox 1080 1462 1235 1555; x_wconf 72' lang='grc' dir='ltr'><strong><em>ἀλέξησιν</em></strong></span> 
     </span>
     <span class='ocr_line' id='line_1_12' title="bbox 105 1563 1234 1656; baseline 0.003 -22"><span class='ocrx_word' id='word_1_93' title='bbox 105 1569 336 1655; x_wconf 85' lang='grc' dir='ltr'><strong><em>τραπομένους,</em></strong></span> <span class='ocrx_word' id='word_1_94' title='bbox 361 1572 531 1647; x_wconf 83' lang='grc' dir='ltr'><strong><em>δείσαντες</em></strong></span> <span class='ocrx_word' id='word_1_95' title='bbox 547 1564 592 1656; x_wconf 86' lang='grc' dir='ltr'><strong>μῆ</strong></span> <span class='ocrx_word' id='word_1_96' title='bbox 611 1569 666 1636; x_wconf 74' lang='grc' dir='ltr'><strong>καὶ</strong></span> <span class='ocrx_word' id='word_1_97' title='bbox 684 1575 779 1656; x_wconf 89' lang='grc' dir='ltr'><strong><em>σφίσι</em></strong></span> <span class='ocrx_word' id='word_1_98' title='bbox 796 1569 930 1655; x_wconf 77' lang='grc' dir='ltr'><strong><em>γένηται</em></strong></span> <span class='ocrx_word' id='word_1_99' title='bbox 948 1566 1119 1656; x_wconf 75' lang='grc' dir='ltr'><strong><em>τρώματα,</em></strong></span> <span class='ocrx_word' id='word_1_100' title='bbox 1146 1563 1234 1637; x_wconf 79' lang='grc' dir='ltr'><strong><em>οὕτω</em></strong></span> 
     </span>
     <span class='ocr_line' id='line_1_13' title="bbox 106 1662 1233 1759; baseline 0.003 -24"><span class='ocrx_word' id='word_1_101' title='bbox 106 1663 141 1754; x_wconf 78' lang='grc' dir='ltr'><strong>δὴ</strong></span> <span class='ocrx_word' id='word_1_102' title='bbox 166 1662 362 1757; x_wconf 80' lang='grc' dir='ltr'><strong><em>ἀπήλαυνον</em></strong></span> <span class='ocrx_word' id='word_1_103' title='bbox 391 1663 497 1737; x_wconf 82' lang='grc' dir='ltr'><strong><em>ὀπίσω</em></strong></span> <span class='ocrx_word' id='word_1_104' title='bbox 533 1663 599 1756; x_wconf 77' lang='grc' dir='ltr'><strong><em>(τός</em></strong></span> <span class='ocrx_word' id='word_1_105' title='bbox 627 1668 691 1757; x_wconf 77' lang='grc' dir='ltr'><strong><em>γάρ</em></strong></span> <span class='ocrx_word' id='word_1_106' title='bbox 713 1690 773 1757; x_wconf 94' lang='grc' dir='ltr'><strong>σφι</strong></span> <span class='ocrx_word' id='word_1_107' title='bbox 799 1672 983 1738; x_wconf 79' lang='grc' dir='ltr'><strong><em>ἐνετείλατο</em></strong></span> <span class='ocrx_word' id='word_1_108' title='bbox 1007 1667 1233 1759; x_wconf 81' lang='grc' dir='ltr'><strong><em>Μαρδόνιος),</em></strong></span> 
     </span>
     <span class='ocr_line' id='line_1_14' title="bbox 66 1765 1235 1860; baseline 0.003 -23"><span class='ocrx_word' id='word_1_109' title='bbox 66 1765 169 1840; x_wconf 72' lang='grc' dir='ltr'><strong><em>τοιοῦτ’</em></strong></span> <span class='ocrx_word' id='word_1_110' title='bbox 186 1778 215 1839; x_wconf 80' lang='grc' dir='ltr'><strong><em>εἰ</em></strong></span> <span class='ocrx_word' id='word_1_111' title='bbox 230 1765 348 1840; x_wconf 76' lang='grc' dir='ltr'><strong><em>αὐτων</em></strong></span> <span class='ocrx_word' id='word_1_112' title='bbox 365 1772 568 1858; x_wconf 79' lang='grc' dir='ltr'><strong><em>πειρηθῆναι</em></strong></span> <span class='ocrx_word' id='word_1_113' title='bbox 585 1766 742 1860; x_wconf 76' lang='grc' dir='ltr'><strong><em>ἠθέλησε,</em></strong></span> <span class='ocrx_word' id='word_1_114' title='bbox 761 1781 795 1840; x_wconf 78' lang='grc' dir='ltr'><strong><em>ελ</em></strong></span> <span class='ocrx_word' id='word_1_115' title='bbox 808 1800 839 1840; x_wconf 94' lang='grc' dir='ltr'><strong>τι</strong></span> <span class='ocrx_word' id='word_1_116' title='bbox 857 1767 958 1858; x_wconf 87' lang='grc' dir='ltr'><strong><em>ἀλκῆς</em></strong></span> <span class='ocrx_word' id='word_1_117' title='bbox 976 1773 1156 1860; x_wconf 84' lang='grc' dir='ltr'><strong><em>μετέχουσι.</em></strong></span> <span class='ocrx_word' id='word_1_118' title='bbox 1178 1766 1235 1852; x_wconf 75' lang='grc' dir='ltr'><strong>Ὡς</strong></span> 
     </span>
    </p>
   </div>
   <div class='ocr_carea' id='block_1_3' title="bbox 102 1962 641 3119">
    <p class='ocr_par' dir='ltr' id='par_1_3' title="bbox 102 1962 641 3119">
     <span class='ocr_line' id='line_1_15' title="bbox 104 1962 638 2087; baseline 0.004 -71"><span class='ocrx_word' id='word_1_119' title='bbox 104 1983 155 2017; x_wconf 83' lang='lat' dir='ltr'><strong>voe.</strong></span> <span class='ocrx_word' id='word_1_120' title='bbox 171 1962 362 2034; x_wconf 69' lang='grc' dir='ltr'><strong><em>παρέχοντας,</em></strong></span> <span class='ocrx_word' id='word_1_121' title='bbox 386 1969 421 2019; x_wconf 88' lang='lat' dir='ltr'><strong>ad</strong></span> <span class='ocrx_word' id='word_1_122' title='bbox 439 1968 509 2033; x_wconf 89' lang='lat' dir='ltr'><strong>quod</strong></span> <span class='ocrx_word' id='word_1_123' title='bbox 524 1970 638 2087; x_wconf 69' lang='lat' dir='ltr'><strong>partici-</strong></span> 
     </span>
     <span class='ocr_line' id='line_1_16' title="bbox 103 2036 637 2102; baseline 0.002 -18"><span class='ocrx_word' id='word_1_124' title='bbox 103 2036 167 2100; x_wconf 87' lang='lat' dir='ltr'><strong>pinrn</strong></span> <span class='ocrx_word' id='word_1_125' title='bbox 189 2041 281 2087; x_wconf 84' lang='lat' dir='ltr'><strong>mente</strong></span> <span class='ocrx_word' id='word_1_126' title='bbox 304 2036 392 2087; x_wconf 87' lang='lat' dir='ltr'><strong>adiici</strong></span> <span class='ocrx_word' id='word_1_127' title='bbox 413 2042 504 2102; x_wconf 82' lang='lat' dir='ltr'><strong>potest</strong></span> <span class='ocrx_word' id='word_1_128' title='bbox 538 2052 637 2087; x_wconf 87' lang='grc' dir='ltr'><strong><em>ωυτον.</em></strong></span> 
     </span>
     <span class='ocr_line' id='line_1_17' title="bbox 105 2102 636 2171; baseline 0.004 -19"><span class='ocrx_word' id='word_1_129' title='bbox 105 2105 142 2153; x_wconf 79' lang='lat' dir='ltr'><strong>lta</strong></span> <span class='ocrx_word' id='word_1_130' title='bbox 166 2105 343 2171; x_wconf 77' lang='lat' dir='ltr'><strong>Aristophan.</strong></span> <span class='ocrx_word' id='word_1_131' title='bbox 374 2105 464 2154; x_wconf 86' lang='lat' dir='ltr'><strong>Nubb.</strong></span> <span class='ocrx_word' id='word_1_132' title='bbox 493 2105 541 2154; x_wconf 74' lang='lat'><strong>421</strong></span> <span class='ocrx_word' id='word_1_133' title='bbox 578 2102 636 2168; x_wconf 87' lang='lat' dir='ltr'><strong>(ed.</strong></span> 
     </span>
     <span class='ocr_line' id='line_1_18' title="bbox 103 2162 637 2238; baseline 0.006 -19"><span class='ocrx_word' id='word_1_134' title='bbox 103 2170 199 2238; x_wconf 82' lang='lat' dir='ltr'><strong>Herna)</strong></span> <span class='ocrx_word' id='word_1_135' title='bbox 209 2164 413 2238; x_wconf 74' lang='grc' dir='ltr'><strong><em>ἐπιχαλκεύειν</em></strong></span> <span class='ocrx_word' id='word_1_136' title='bbox 424 2162 577 2238; x_wconf 78' lang='grc' dir='ltr'><strong><em>παρέχοιμ’</em></strong></span> <span class='ocrx_word' id='word_1_137' title='bbox 589 2164 637 2236; x_wconf 78' lang='grc' dir='ltr'><strong>ἀν,</strong></span> 
     </span>
     <span class='ocr_line' id='line_1_19' title="bbox 103 2239 637 2306; baseline 0.006 -19"><span class='ocrx_word' id='word_1_138' title='bbox 103 2240 143 2288; x_wconf 87' lang='lat' dir='ltr'><strong>obi</strong></span> <span class='ocrx_word' id='word_1_139' title='bbox 154 2241 188 2290; x_wconf 82' lang='lat' dir='ltr'><strong>ci.</strong></span> <span class='ocrx_word' id='word_1_140' title='bbox 200 2241 358 2306; x_wconf 81' lang='lat' dir='ltr'><strong>interpratt.</strong></span> <span class='ocrx_word' id='word_1_141' title='bbox 389 2239 482 2290; x_wconf 84' lang='lat' dir='ltr'><strong>Satius</strong></span> <span class='ocrx_word' id='word_1_142' title='bbox 501 2245 543 2292; x_wconf 91' lang='lat' dir='ltr'><strong>est</strong></span> <span class='ocrx_word' id='word_1_143' title='bbox 559 2242 637 2303; x_wconf 87' lang='lat' dir='ltr'><strong>mori,</strong></span> 
     </span>
     <span class='ocr_line' id='line_1_20' title="bbox 104 2308 639 2373; baseline 0.006 -18"><span class='ocrx_word' id='word_1_144' title='bbox 104 2308 148 2368; x_wconf 83' lang='lat' dir='ltr'><strong>nit,</strong></span> <span class='ocrx_word' id='word_1_145' title='bbox 171 2324 250 2373; x_wconf 86' lang='lat' dir='ltr'><strong>quarn</strong></span> <span class='ocrx_word' id='word_1_146' title='bbox 274 2314 306 2358; x_wconf 91' lang='lat' dir='ltr'><strong>nt</strong></span> <span class='ocrx_word' id='word_1_147' title='bbox 330 2315 437 2359; x_wconf 86' lang='lat' dir='ltr'><strong>nosmet</strong></span> <span class='ocrx_word' id='word_1_148' title='bbox 456 2309 639 2373; x_wconf 82' lang='lat' dir='ltr'><strong>praebeamus</strong></span> 
     </span>
     <span class='ocr_line' id='line_1_21' title="bbox 102 2376 637 2442; baseline 0.006 -20"><span class='ocrx_word' id='word_1_149' title='bbox 102 2376 167 2440; x_wconf 78' lang='lat' dir='ltr'><strong>Ipsos</strong></span> <span class='ocrx_word' id='word_1_150' title='bbox 179 2378 339 2442; x_wconf 81' lang='lat' dir='ltr'><strong>turpissima</strong></span> <span class='ocrx_word' id='word_1_151' title='bbox 352 2381 437 2426; x_wconf 85' lang='lat' dir='ltr'><strong>morte</strong></span> <span class='ocrx_word' id='word_1_152' title='bbox 450 2391 472 2425; x_wconf 87' lang='lat' dir='ltr'><strong>s.</strong></span> <span class='ocrx_word' id='word_1_153' title='bbox 483 2377 542 2426; x_wconf 82' lang='lat' dir='ltr'><strong>fato</strong></span> <span class='ocrx_word' id='word_1_154' title='bbox 554 2378 637 2427; x_wconf 86' lang='lat' dir='ltr'><strong>inter-</strong></span> 
     </span>
     <span class='ocr_line' id='line_1_22' title="bbox 103 2442 637 2509; baseline 0.006 -18"><span class='ocrx_word' id='word_1_155' title='bbox 103 2443 224 2494; x_wconf 85' lang='lat' dir='ltr'><strong>imendos.</strong></span> <span class='ocrx_word' id='word_1_156' title='bbox 260 2444 303 2493; x_wconf 81' lang='lat' dir='ltr'><strong>nd</strong></span> <span class='ocrx_word' id='word_1_157' title='bbox 321 2444 489 2494; x_wconf 87' lang='lat' dir='ltr'><strong>locutionem</strong></span> <span class='ocrx_word' id='word_1_158' title='bbox 508 2442 637 2509; x_wconf 87' lang='grc' dir='ltr'><strong><em>διαφθα-</em></strong></span> 
     </span>
     <span class='ocr_line' id='line_1_23' title="bbox 103 2503 636 2578; baseline 0.006 -19"><span class='ocrx_word' id='word_1_159' title='bbox 103 2508 177 2574; x_wconf 75' lang='grc' dir='ltr'><strong><em>ρῆναι</em></strong></span> <span class='ocrx_word' id='word_1_160' title='bbox 188 2507 326 2578; x_wconf 75' lang='grc' dir='ltr'><strong><em>αἰσχίστῳ</em></strong></span> <span class='ocrx_word' id='word_1_161' title='bbox 339 2503 418 2577; x_wconf 84' lang='grc' dir='ltr'><strong><em>μόρῳ</em></strong></span> <span class='ocrx_word' id='word_1_162' title='bbox 430 2513 503 2562; x_wconf 81' lang='lat' dir='ltr'><strong>coni.</strong></span> <span class='ocrx_word' id='word_1_163' title='bbox 517 2528 587 2577; x_wconf 89' lang='lat' dir='ltr'><strong>qnae</strong></span> <span class='ocrx_word' id='word_1_164' title='bbox 601 2513 636 2562; x_wconf 89' lang='lat' dir='ltr'><strong>si·</strong></span> 
     </span>
     <span class='ocr_line' id='line_1_24' title="bbox 102 2578 638 2645; baseline 0.007 -19"><span class='ocrx_word' id='word_1_165' title='bbox 102 2578 170 2628; x_wconf 80' lang='lat' dir='ltr'><strong>arilia</strong></span> <span class='ocrx_word' id='word_1_166' title='bbox 192 2581 275 2630; x_wconf 77' lang='lat' dir='ltr'><strong>affert</strong></span> <span class='ocrx_word' id='word_1_167' title='bbox 298 2579 423 2630; x_wconf 86' lang='lat' dir='ltr'><strong>Lobeck.</strong></span> <span class='ocrx_word' id='word_1_168' title='bbox 452 2579 486 2629; x_wconf 85' lang='lat' dir='ltr'><strong>ad</strong></span> <span class='ocrx_word' id='word_1_169' title='bbox 510 2579 638 2645; x_wconf 83' lang='lat' dir='ltr'><strong>Sophocl.</strong></span> 
     </span>
     <span class='ocr_line' id='line_1_25' title="bbox 103 2646 639 2714; baseline 0.004 -20"><span class='ocrx_word' id='word_1_170' title='bbox 103 2646 170 2696; x_wconf 74' lang='lat' dir='ltr'><strong>hiae.</strong></span> <span class='ocrx_word' id='word_1_171' title='bbox 185 2646 257 2698; x_wconf 81' lang='lat' dir='ltr'><strong>loos.</strong></span> <span class='ocrx_word' id='word_1_172' title='bbox 271 2662 338 2714; x_wconf 78' lang='lat' dir='ltr'><strong>pag.</strong></span> <span class='ocrx_word' id='word_1_173' title='bbox 351 2646 410 2697; x_wconf 81' lang='grc'><strong>434.</strong></span> <span class='ocrx_word' id='word_1_174' title='bbox 430 2648 530 2698; x_wconf 88' lang='lat' dir='ltr'><strong>Noster</strong></span> <span class='ocrx_word' id='word_1_175' title='bbox 542 2649 579 2708; x_wconf 87' lang='lat' dir='ltr'><strong>V,</strong></span> <span class='ocrx_word' id='word_1_176' title='bbox 591 2648 639 2697; x_wconf 80' lang='lat'><strong>21:</strong></span> 
     </span>
     <span class='ocr_line' id='line_1_26' title="bbox 103 2709 638 2782; baseline 0.002 -18"><span class='ocrx_word' id='word_1_177' title='bbox 103 2710 182 2780; x_wconf 70' lang='grc' dir='ltr'><strong><em>τούτῳ</em></strong></span> <span class='ocrx_word' id='word_1_178' title='bbox 197 2715 236 2781; x_wconf 74' lang='grc' dir='ltr'><strong>τῷ</strong></span> <span class='ocrx_word' id='word_1_179' title='bbox 252 2709 334 2782; x_wconf 82' lang='grc' dir='ltr'><strong><em>μόρῳ</em></strong></span> <span class='ocrx_word' id='word_1_180' title='bbox 351 2709 567 2781; x_wconf 78' lang='grc' dir='ltr'><strong><em>διεφθάρησαν.</em></strong></span> <span class='ocrx_word' id='word_1_181' title='bbox 597 2716 638 2765; x_wconf 82' lang='lat' dir='ltr'><strong>Ad</strong></span> 
     </span>
     <span class='ocr_line' id='line_1_27' title="bbox 103 2784 637 2849; baseline 0.004 -18"><span class='ocrx_word' id='word_1_182' title='bbox 103 2796 239 2846; x_wconf 79' lang='lat' dir='ltr'><strong>pronomen</strong></span> <span class='ocrx_word' id='word_1_183' title='bbox 251 2799 296 2842; x_wconf 85' lang='grc' dir='ltr'><strong>τις</strong></span> <span class='ocrx_word' id='word_1_184' title='bbox 314 2784 504 2849; x_wconf 77' lang='grc' dir='ltr'><strong><em>(απαεριιὶτφιε)</em></strong></span> <span class='ocrx_word' id='word_1_185' title='bbox 520 2784 556 2833; x_wconf 85' lang='lat' dir='ltr'><strong>cf.</strong></span> <span class='ocrx_word' id='word_1_186' title='bbox 569 2787 637 2834; x_wconf 77' lang='lat' dir='ltr'><strong>nott.</strong></span> 
     </span>
     <span class='ocr_line' id='line_1_28' title="bbox 104 2850 641 2917; baseline 0.007 -20"><span class='ocrx_word' id='word_1_187' title='bbox 104 2850 132 2898; x_wconf 86' lang='lat' dir='ltr'><strong>ad</strong></span> <span class='ocrx_word' id='word_1_188' title='bbox 147 2851 221 2913; x_wconf 88' lang='lat' dir='ltr'>VIII,</span> <span class='ocrx_word' id='word_1_189' title='bbox 243 2851 306 2913; x_wconf 72' lang='lat'><strong>1093</strong></span> <span class='ocrx_word' id='word_1_190' title='bbox 331 2851 364 2900; x_wconf 85' lang='lat' dir='ltr'><strong>da</strong></span> <span class='ocrx_word' id='word_1_191' title='bbox 381 2853 410 2900; x_wconf 83' lang='lat' dir='ltr'><strong>vi</strong></span> <span class='ocrx_word' id='word_1_192' title='bbox 427 2852 641 2917; x_wconf 79' lang='lat' dir='ltr'><strong>praepositionis</strong></span> 
     </span>
     <span class='ocr_line' id='line_1_29' title="bbox 105 2907 639 2985; baseline 0.006 -19"><span class='ocrx_word' id='word_1_193' title='bbox 105 2907 143 2967; x_wconf 74' lang='grc' dir='ltr'><strong>ὶιλ</strong></span> <span class='ocrx_word' id='word_1_194' title='bbox 153 2920 179 2968; x_wconf 78' lang='lat' dir='ltr'><strong>In</strong></span> <span class='ocrx_word' id='word_1_195' title='bbox 189 2920 286 2969; x_wconf 78' lang='lat' dir='ltr'><strong>verbis</strong></span> <span class='ocrx_word' id='word_1_196' title='bbox 299 2908 346 2970; x_wconf 70' lang='grc' dir='ltr'><strong><em>ἐπ’</em></strong></span> <span class='ocrx_word' id='word_1_197' title='bbox 358 2909 469 2985; x_wconf 85' lang='grc' dir='ltr'><strong><em>Ἐλλησι</em></strong></span> <span class='ocrx_word' id='word_1_198' title='bbox 487 2920 639 2969; x_wconf 88' lang='lat' dir='ltr'><strong>monuimus</strong></span> 
     </span>
     <span class='ocr_line' id='line_1_30' title="bbox 104 2984 638 3053; baseline 0.006 -19"><span class='ocrx_word' id='word_1_199' title='bbox 104 2984 133 3034; x_wconf 88' lang='lat' dir='ltr'><strong>ad</strong></span> <span class='ocrx_word' id='word_1_200' title='bbox 143 2986 185 3045; x_wconf 91' lang='lat' dir='ltr'><strong>1v,</strong></span> <span class='ocrx_word' id='word_1_201' title='bbox 194 2986 229 3037; x_wconf 79' lang='lat'><strong>80</strong></span> <span class='ocrx_word' id='word_1_202' title='bbox 238 2992 269 3037; x_wconf 86' lang='lat' dir='ltr'><strong>at</strong></span> <span class='ocrx_word' id='word_1_203' title='bbox 280 2986 342 3048; x_wconf 72' lang='lat'><strong>1543</strong></span> <span class='ocrx_word' id='word_1_204' title='bbox 357 2988 453 3053; x_wconf 81' lang='lat' dir='ltr'><strong>attigit</strong></span> <span class='ocrx_word' id='word_1_205' title='bbox 463 2986 537 3037; x_wconf 84' lang='lat' dir='ltr'><strong>hunc</strong></span> <span class='ocrx_word' id='word_1_206' title='bbox 549 2986 638 3037; x_wconf 87' lang='lat' dir='ltr'><strong>locum</strong></span> 
     </span>
     <span class='ocr_line' id='line_1_31' title="bbox 104 3055 637 3119; baseline 0.008 -19"><span class='ocrx_word' id='word_1_207' title='bbox 104 3067 197 3118; x_wconf 80' lang='lat' dir='ltr'><strong>quoqne</strong></span> <span class='ocrx_word' id='word_1_208' title='bbox 210 3056 333 3119; x_wconf 76' lang='lat' dir='ltr'><strong>strange</strong></span> <span class='ocrx_word' id='word_1_209' title='bbox 346 3056 387 3104; x_wconf 87' lang='lat' dir='ltr'><strong>in:</strong></span> <span class='ocrx_word' id='word_1_210' title='bbox 405 3055 522 3107; x_wconf 82' lang='lat' dir='ltr'><strong>Jahrbb.</strong></span> <span class='ocrx_word' id='word_1_211' title='bbox 538 3055 558 3104; x_wconf 83' lang='lat' dir='ltr'><strong>f.</strong></span> <span class='ocrx_word' id='word_1_212' title='bbox 573 3055 637 3104; x_wconf 88' lang='lat' dir='ltr'><strong>Phi·</strong></span> 
     </span>
    </p>
   </div>
   <div class='ocr_carea' id='block_1_4' title="bbox 688 1962 1235 3115">
    <p class='ocr_par' dir='ltr' id='par_1_4' title="bbox 689 1962 1235 2710">
     <span class='ocr_line' id='line_1_32' title="bbox 690 1962 1235 2033; baseline 0.002 -15"><span class='ocrx_word' id='word_1_213' title='bbox 690 1984 728 2018; x_wconf 95' lang='grc' dir='ltr'><strong>νο</strong></span> <span class='ocrx_word' id='word_1_214' title='bbox 736 1984 795 2018; x_wconf 79' lang='lat' dir='ltr'><strong>vro</strong></span> <span class='ocrx_word' id='word_1_215' title='bbox 808 1962 858 2027; x_wconf 77' lang='grc' dir='ltr'><strong>τός</strong></span> <span class='ocrx_word' id='word_1_216' title='bbox 870 1962 982 2033; x_wconf 76' lang='grc' dir='ltr'><strong><em>λόγχας.</em></strong></span> <span class='ocrx_word' id='word_1_217' title='bbox 992 1997 1024 2005; x_wconf 98' lang='grc'>-</span> <span class='ocrx_word' id='word_1_218' title='bbox 1034 1969 1111 2031; x_wconf 79' lang='lat' dir='ltr'><strong>Quod</strong></span> <span class='ocrx_word' id='word_1_219' title='bbox 1125 1974 1235 2019; x_wconf 86' lang='lat' dir='ltr'><strong>antece·</strong></span> 
     </span>
     <span class='ocr_line' id='line_1_33' title="bbox 689 2028 1235 2098; baseline 0 -12"><span class='ocrx_word' id='word_1_220' title='bbox 689 2038 730 2087; x_wconf 92' lang='lat' dir='ltr'><strong>dit</strong></span> <span class='ocrx_word' id='word_1_221' title='bbox 746 2028 932 2098; x_wconf 83' lang='grc' dir='ltr'><strong><em>ἀπολεόντες,</em></strong></span> <span class='ocrx_word' id='word_1_222' title='bbox 959 2038 1063 2087; x_wconf 83' lang='lat' dir='ltr'><strong>mutavi</strong></span> <span class='ocrx_word' id='word_1_223' title='bbox 1080 2036 1235 2087; x_wconf 83' lang='lat' dir='ltr'><strong>Florentini</strong></span> 
     </span>
     <span class='ocr_line' id='line_1_34' title="bbox 691 2095 1232 2166; baseline 0 -11"><span class='ocrx_word' id='word_1_224' title='bbox 691 2106 796 2157; x_wconf 86' lang='lat' dir='ltr'><strong>codicis</strong></span> <span class='ocrx_word' id='word_1_225' title='bbox 809 2106 978 2156; x_wconf 82' lang='lat' dir='ltr'><strong>auctoritate</strong></span> <span class='ocrx_word' id='word_1_226' title='bbox 996 2105 1025 2155; x_wconf 90' lang='lat' dir='ltr'><strong>in</strong></span> <span class='ocrx_word' id='word_1_227' title='bbox 1039 2095 1232 2166; x_wconf 84' lang='grc' dir='ltr'><strong><em>ἀπολέοντες,</em></strong></span> 
     </span>
     <span class='ocr_line' id='line_1_35' title="bbox 690 2173 1234 2239; baseline 0 -16"><span class='ocrx_word' id='word_1_228' title='bbox 690 2174 760 2238; x_wconf 87' lang='lat' dir='ltr'><strong>quod</strong></span> <span class='ocrx_word' id='word_1_229' title='bbox 778 2175 866 2238; x_wconf 88' lang='lat' dir='ltr'><strong>ipsum</strong></span> <span class='ocrx_word' id='word_1_230' title='bbox 879 2173 963 2239; x_wconf 82' lang='lat' dir='ltr'><strong>paulo</strong></span> <span class='ocrx_word' id='word_1_231' title='bbox 978 2177 1039 2238; x_wconf 87' lang='lat' dir='ltr'><strong>post</strong></span> <span class='ocrx_word' id='word_1_232' title='bbox 1051 2174 1111 2222; x_wconf 89' lang='lat' dir='ltr'><strong>sine</strong></span> <span class='ocrx_word' id='word_1_233' title='bbox 1124 2173 1182 2222; x_wconf 86' lang='lat' dir='ltr'><strong>ulla</strong></span> <span class='ocrx_word' id='word_1_234' title='bbox 1195 2173 1234 2223; x_wconf 89' lang='lat' dir='ltr'><strong>le-</strong></span> 
     </span>
     <span class='ocr_line' id='line_1_36' title="bbox 690 2241 1232 2306; baseline 0 -15"><span class='ocrx_word' id='word_1_235' title='bbox 690 2241 789 2291; x_wconf 86' lang='lat' dir='ltr'><strong>ctionis</strong></span> <span class='ocrx_word' id='word_1_236' title='bbox 806 2242 943 2291; x_wconf 71' lang='grc' dir='ltr'><strong><em>κατίστατο</em></strong></span> <span class='ocrx_word' id='word_1_237' title='bbox 966 2241 1081 2304; x_wconf 80' lang='lat' dir='ltr'><strong>legitur,</strong></span> <span class='ocrx_word' id='word_1_238' title='bbox 1107 2241 1232 2306; x_wconf 89' lang='lat' dir='ltr'><strong>qnodque</strong></span> 
     </span>
     <span class='ocr_line' id='line_1_37' title="bbox 690 2308 1234 2373; baseline 0 -15"><span class='ocrx_word' id='word_1_239' title='bbox 690 2325 774 2373; x_wconf 84' lang='lat' dir='ltr'><strong>supra</strong></span> <span class='ocrx_word' id='word_1_240' title='bbox 787 2310 865 2369; x_wconf 87' lang='lat' dir='ltr'>VIII,</span> <span class='ocrx_word' id='word_1_241' title='bbox 881 2308 929 2357; x_wconf 84' lang='lat'><strong>138</strong></span> <span class='ocrx_word' id='word_1_242' title='bbox 941 2308 1036 2357; x_wconf 84' lang='lat' dir='ltr'><strong>itidem</strong></span> <span class='ocrx_word' id='word_1_243' title='bbox 1049 2324 1142 2357; x_wconf 86' lang='lat' dir='ltr'><strong>omnes</strong></span> <span class='ocrx_word' id='word_1_244' title='bbox 1155 2324 1234 2372; x_wconf 87' lang='lat' dir='ltr'><strong>prae-</strong></span> 
     </span>
     <span class='ocr_line' id='line_1_38' title="bbox 689 2369 1233 2441; baseline 0 -16"><span class='ocrx_word' id='word_1_245' title='bbox 689 2376 757 2426; x_wconf 89' lang='lat' dir='ltr'><strong>bent</strong></span> <span class='ocrx_word' id='word_1_246' title='bbox 768 2375 832 2425; x_wconf 90' lang='lat' dir='ltr'>libri</span> <span class='ocrx_word' id='word_1_247' title='bbox 846 2377 950 2441; x_wconf 84' lang='lat' dir='ltr'><strong>scripti.</strong></span> <span class='ocrx_word' id='word_1_248' title='bbox 975 2377 1028 2425; x_wconf 90' lang='lat' dir='ltr'><strong>Pro</strong></span> <span class='ocrx_word' id='word_1_249' title='bbox 1042 2369 1164 2425; x_wconf 71' lang='grc' dir='ltr'><strong><em>ἵστασαν</em></strong></span> <span class='ocrx_word' id='word_1_250' title='bbox 1176 2376 1233 2437; x_wconf 86' lang='lat' dir='ltr'><strong>(en-</strong></span> 
     </span>
     <span class='ocr_line' id='line_1_39' title="bbox 689 2437 1234 2508; baseline -0.002 -15"><span class='ocrx_word' id='word_1_251' title='bbox 689 2444 732 2494; x_wconf 88' lang='lat' dir='ltr'><strong>ins</strong></span> <span class='ocrx_word' id='word_1_252' title='bbox 744 2443 805 2493; x_wconf 87' lang='lat' dir='ltr'><strong>loeo</strong></span> <span class='ocrx_word' id='word_1_253' title='bbox 818 2443 996 2493; x_wconf 80' lang='lat' dir='ltr'><strong>Florentiuun</strong></span> <span class='ocrx_word' id='word_1_254' title='bbox 1010 2437 1141 2503; x_wconf 73' lang='grc' dir='ltr'><strong><em>ἔστασαν)</em></strong></span> <span class='ocrx_word' id='word_1_255' title='bbox 1156 2449 1234 2508; x_wconf 84' lang='lat' dir='ltr'><strong>quot·</strong></span> 
     </span>
     <span class='ocr_line' id='line_1_40' title="bbox 690 2505 1234 2576; baseline -0.004 -14"><span class='ocrx_word' id='word_1_256' title='bbox 690 2518 751 2562; x_wconf 92' lang='lat' dir='ltr'><strong>tuor</strong></span> <span class='ocrx_word' id='word_1_257' title='bbox 773 2511 850 2560; x_wconf 90' lang='lat' dir='ltr'><strong>codd.</strong></span> <span class='ocrx_word' id='word_1_258' title='bbox 869 2505 1003 2576; x_wconf 75' lang='grc' dir='ltr'><strong><em>ἔστησαν,</em></strong></span> <span class='ocrx_word' id='word_1_259' title='bbox 1027 2510 1097 2574; x_wconf 89' lang='lat' dir='ltr'><strong>quod</strong></span> <span class='ocrx_word' id='word_1_260' title='bbox 1115 2510 1234 2560; x_wconf 81' lang='lat' dir='ltr'><strong>Valcke-</strong></span> 
     </span>
     <span class='ocr_line' id='line_1_41' title="bbox 689 2578 1235 2639; baseline -0.002 -10"><span class='ocrx_word' id='word_1_261' title='bbox 689 2579 768 2630; x_wconf 88' lang='lat' dir='ltr'><strong>nario</strong></span> <span class='ocrx_word' id='word_1_262' title='bbox 786 2579 896 2628; x_wconf 82' lang='lat' dir='ltr'><strong>arridet.</strong></span> <span class='ocrx_word' id='word_1_263' title='bbox 932 2580 968 2627; x_wconf 79' lang='lat' dir='ltr'><strong>nt</strong></span> <span class='ocrx_word' id='word_1_264' title='bbox 981 2578 1035 2627; x_wconf 91' lang='lat' dir='ltr'><strong>vid.</strong></span> <span class='ocrx_word' id='word_1_265' title='bbox 1048 2578 1128 2639; x_wconf 92' lang='lat' dir='ltr'>VIII,</span> <span class='ocrx_word' id='word_1_266' title='bbox 1144 2578 1191 2628; x_wconf 81' lang='lat'><strong>137</strong></span> <span class='ocrx_word' id='word_1_267' title='bbox 1208 2583 1235 2628; x_wconf 87' lang='lat' dir='ltr'><strong>et</strong></span> 
     </span>
     <span class='ocr_line' id='line_1_42' title="bbox 691 2644 1027 2710; baseline -0.006 -13"><span class='ocrx_word' id='word_1_268' title='bbox 691 2648 727 2697; x_wconf 81' lang='lat' dir='ltr'><strong>ci.</strong></span> <span class='ocrx_word' id='word_1_269' title='bbox 739 2647 834 2710; x_wconf 84' lang='lat' dir='ltr'><strong>Eurip.</strong></span> <span class='ocrx_word' id='word_1_270' title='bbox 848 2647 938 2696; x_wconf 79' lang='lat' dir='ltr'><strong>Ornat.</strong></span> <span class='ocrx_word' id='word_1_271' title='bbox 948 2644 1027 2695; x_wconf 73' lang='lat' dir='ltr'><strong>dibi).</strong></span> 
     </span>
    </p>

    <p class='ocr_par' dir='ltr' id='par_1_5' title="bbox 688 2703 1235 3115">
     <span class='ocr_line' id='line_1_43' title="bbox 735 2703 1234 2780; baseline 0 -17"><span class='ocrx_word' id='word_1_272' title='bbox 735 2708 828 2780; x_wconf 84' lang='grc' dir='ltr'><strong><em>πάντη</em></strong></span> <span class='ocrx_word' id='word_1_273' title='bbox 858 2711 1067 2777; x_wconf 76' lang='grc' dir='ltr'><strong><em>συστρέψαντες</em></strong></span> <span class='ocrx_word' id='word_1_274' title='bbox 1100 2703 1234 2779; x_wconf 72' lang='grc' dir='ltr'><strong><em>ἑωυτοὺς]</em></strong></span> 
     </span>
     <span class='ocr_line' id='line_1_44' title="bbox 691 2781 1234 2848; baseline -0.006 -15"><span class='ocrx_word' id='word_1_275' title='bbox 691 2783 905 2848; x_wconf 75' lang='lat' dir='ltr'><strong>„Conptobarunt</strong></span> <span class='ocrx_word' id='word_1_276' title='bbox 924 2798 954 2832; x_wconf 88' lang='lat' dir='ltr'><strong>se</strong></span> <span class='ocrx_word' id='word_1_277' title='bbox 972 2781 1127 2831; x_wconf 82' lang='lat' dir='ltr'><strong>Phocenses</strong></span> <span class='ocrx_word' id='word_1_278' title='bbox 1148 2783 1234 2846; x_wconf 77' lang='lat' dir='ltr'><strong>Impe-</strong></span> 
     </span>
     <span class='ocr_line' id='line_1_45' title="bbox 690 2848 1234 2915; baseline -0.004 -14"><span class='ocrx_word' id='word_1_279' title='bbox 690 2858 747 2901; x_wconf 86' lang='lat' dir='ltr'><strong>tum</strong></span> <span class='ocrx_word' id='word_1_280' title='bbox 764 2850 925 2900; x_wconf 88' lang='lat' dir='ltr'><strong>irruentium</strong></span> <span class='ocrx_word' id='word_1_281' title='bbox 940 2848 1110 2915; x_wconf 83' lang='lat' dir='ltr'><strong>excepturi.“</strong></span> <span class='ocrx_word' id='word_1_282' title='bbox 1145 2850 1182 2899; x_wconf 92' lang='lat' dir='ltr'><em>W</em></span> <span class='ocrx_word' id='word_1_283' title='bbox 1185 2865 1234 2899; x_wconf 87' lang='lat' dir='ltr'><strong>ea-</strong></span> 
     </span>
     <span class='ocr_line' id='line_1_46' title="bbox 689 2915 1233 2983; baseline -0.004 -15"><span class='ocrx_word' id='word_1_284' title='bbox 689 2920 800 2983; x_wconf 77' lang='lat' dir='ltr'><strong>aelinp.</strong></span> <span class='ocrx_word' id='word_1_285' title='bbox 819 2919 910 2968; x_wconf 84' lang='lat' dir='ltr'><strong>citans</strong></span> <span class='ocrx_word' id='word_1_286' title='bbox 926 2918 1038 2969; x_wconf 85' lang='lat' dir='ltr'><strong>Diodor.</strong></span> <span class='ocrx_word' id='word_1_287' title='bbox 1057 2918 1113 2978; x_wconf 90' lang='lat' dir='ltr'>III,</span> <span class='ocrx_word' id='word_1_288' title='bbox 1131 2915 1172 2967; x_wconf 75' lang='lat'><strong>36.</strong></span> <span class='ocrx_word' id='word_1_289' title='bbox 1190 2916 1233 2966; x_wconf 82' lang='lat'><strong>61.</strong></span> 
     </span>
     <span class='ocr_line' id='line_1_47' title="bbox 689 2983 1234 3046; baseline -0.004 -10"><span class='ocrx_word' id='word_1_290' title='bbox 689 2988 732 3036; x_wconf 87' lang='lat' dir='ltr'><strong>Tu</strong></span> <span class='ocrx_word' id='word_1_291' title='bbox 744 2987 799 3036; x_wconf 87' lang='lat' dir='ltr'><strong>vid.</strong></span> <span class='ocrx_word' id='word_1_292' title='bbox 812 2991 880 3036; x_wconf 91' lang='lat' dir='ltr'><strong>nott.</strong></span> <span class='ocrx_word' id='word_1_293' title='bbox 895 2986 930 3035; x_wconf 90' lang='lat' dir='ltr'><strong>nd</strong></span> <span class='ocrx_word' id='word_1_294' title='bbox 942 2985 1043 3035; x_wconf 84' lang='lat' dir='ltr'><strong>Herod.</strong></span> <span class='ocrx_word' id='word_1_295' title='bbox 1058 2986 1103 3046; x_wconf 88' lang='lat' dir='ltr'><strong>vl,</strong></span> <span class='ocrx_word' id='word_1_296' title='bbox 1115 2983 1141 3037; x_wconf 82' lang='grc' dir='ltr'><strong>δ.</strong></span> <span class='ocrx_word' id='word_1_297' title='bbox 1161 2985 1234 3034; x_wconf 88' lang='lat' dir='ltr'><strong>Hine</strong></span> 
     </span>
     <span class='ocr_line' id='line_1_48' title="bbox 688 3053 1235 3115; baseline -0.005 -11"><span class='ocrx_word' id='word_1_298' title='bbox 688 3055 786 3104; x_wconf 84' lang='lat' dir='ltr'><strong>Livius</strong></span> <span class='ocrx_word' id='word_1_299' title='bbox 793 3054 868 3111; x_wconf 89' lang='lat' dir='ltr'>VIII,</span> <span class='ocrx_word' id='word_1_300' title='bbox 877 3053 905 3103; x_wconf 87' lang='lat' dir='ltr'><strong>li</strong></span> <span class='ocrx_word' id='word_1_301' title='bbox 915 3071 921 3103; x_wconf 75' lang='grc' dir='ltr'><strong>ε</strong></span> <span class='ocrx_word' id='word_1_302' title='bbox 935 3071 1008 3115; x_wconf 87' lang='lat' dir='ltr'><strong>„eum</strong></span> <span class='ocrx_word' id='word_1_303' title='bbox 1020 3068 1048 3103; x_wconf 88' lang='lat' dir='ltr'><strong>ne</strong></span> <span class='ocrx_word' id='word_1_304' title='bbox 1058 3057 1083 3103; x_wconf 86' lang='lat' dir='ltr'><strong>in</strong></span> <span class='ocrx_word' id='word_1_305' title='bbox 1093 3070 1165 3102; x_wconf 87' lang='lat' dir='ltr'><strong>anum</strong></span> <span class='ocrx_word' id='word_1_306' title='bbox 1176 3070 1235 3101; x_wconf 82' lang='lat' dir='ltr'><strong>corr-</strong></span> 
     </span>
    </p>
   </div>
   <div class='ocr_carea' id='block_1_5' title="bbox 103 3114 1232 3201">
    <p class='ocr_par' dir='ltr' id='par_1_6' title="bbox 103 3114 1232 3201">
     <span class='ocr_line' id='line_1_49' title="bbox 103 3114 1232 3201; baseline 0.002 -34"><span class='ocrx_word' id='word_1_307' title='bbox 103 3119 173 3186; x_wconf 73' lang='lat' dir='ltr'><strong>iotog.</strong></span> <span class='ocrx_word' id='word_1_308' title='bbox 189 3122 284 3201; x_wconf 68' lang='lat' dir='ltr'><strong>§appi</strong></span> <span class='ocrx_word' id='word_1_309' title='bbox 304 3122 364 3172; x_wconf 86' lang='lat' dir='ltr'><strong>Vol.</strong></span> <span class='ocrx_word' id='word_1_310' title='bbox 381 3122 431 3172; x_wconf 91' lang='lat' dir='ltr'><strong>III.</strong></span> <span class='ocrx_word' id='word_1_311' title='bbox 451 3139 477 3188; x_wconf 87' lang='lat' dir='ltr'><strong>p.</strong></span> <span class='ocrx_word' id='word_1_312' title='bbox 495 3121 555 3172; x_wconf 84' lang='grc'><strong>448.</strong></span> <span class='ocrx_word' id='word_1_313' title='bbox 586 3115 637 3187; x_wconf 89' lang='grc' dir='ltr'><strong>φό-</strong></span> <span class='ocrx_word' id='word_1_314' title='bbox 687 3122 862 3186; x_wconf 75' lang='lat' dir='ltr'><strong>plobasscut.“</strong></span> <span class='ocrx_word' id='word_1_315' title='bbox 892 3123 1017 3187; x_wconf 82' lang='lat' dir='ltr'><strong>Moxpro</strong></span> <span class='ocrx_word' id='word_1_316' title='bbox 1032 3114 1232 3171; x_wconf 81' lang='grc' dir='ltr'><strong><em>εἷπαιοοοδδ.</em></strong></span> 
     </span>
    </p>
   </div>
   <div class='ocr_carea' id='block_1_6' title="bbox 102 3184 641 3930">
    <p class='ocr_par' dir='ltr' id='par_1_7' title="bbox 102 3184 641 3930">
     <span class='ocr_line' id='line_1_50' title="bbox 104 3184 638 3255; baseline 0.006 -18"><span class='ocrx_word' id='word_1_317' title='bbox 104 3202 147 3237; x_wconf 82' lang='lat' dir='ltr'><strong>ror</strong></span> <span class='ocrx_word' id='word_1_318' title='bbox 162 3184 283 3255; x_wconf 67' lang='grc' dir='ltr'><strong><em>όαπτειν</em></strong></span> <span class='ocrx_word' id='word_1_319' title='bbox 301 3190 411 3255; x_wconf 86' lang='lat' dir='ltr'><strong>accipio</strong></span> <span class='ocrx_word' id='word_1_320' title='bbox 428 3193 531 3241; x_wconf 81' lang='lat' dir='ltr'><strong>caedem</strong></span> <span class='ocrx_word' id='word_1_321' title='bbox 547 3191 638 3240; x_wconf 83' lang='lat' dir='ltr'><strong>machi-</strong></span> 
     </span>
     <span class='ocr_line' id='line_1_51' title="bbox 103 3250 636 3321; baseline 0.004 -16"><span class='ocrx_word' id='word_1_322' title='bbox 103 3258 158 3315; x_wconf 77' lang='lat' dir='ltr'><strong>nari,</strong></span> <span class='ocrx_word' id='word_1_323' title='bbox 169 3266 280 3316; x_wconf 73' lang='grc' dir='ltr'><strong><em>ιωιιετε,</em></strong></span> <span class='ocrx_word' id='word_1_324' title='bbox 290 3263 322 3308; x_wconf 88' lang='lat' dir='ltr'><strong>nt</strong></span> <span class='ocrx_word' id='word_1_325' title='bbox 333 3257 402 3307; x_wconf 87' lang='lat' dir='ltr'><strong>alibi</strong></span> <span class='ocrx_word' id='word_1_326' title='bbox 413 3251 499 3308; x_wconf 87' lang='grc' dir='ltr'><strong><em>δόλον</em></strong></span> <span class='ocrx_word' id='word_1_327' title='bbox 509 3250 636 3321; x_wconf 77' lang='grc' dir='ltr'><strong><em>ὅάπτειν,</em></strong></span> 
     </span>
     <span class='ocr_line' id='line_1_52' title="bbox 103 3319 639 3443; baseline 0.007 -72"><span class='ocrx_word' id='word_1_328' title='bbox 103 3320 225 3387; x_wconf 65' lang='lat' dir='ltr'><strong>ernam</strong></span> <span class='ocrx_word' id='word_1_329' title='bbox 242 3319 366 3389; x_wconf 72' lang='grc' dir='ltr'><strong><em>όάπτειν</em></strong></span> <span class='ocrx_word' id='word_1_330' title='bbox 382 3326 455 3443; x_wconf 72' lang='lat' dir='ltr'><strong>apud</strong></span> <span class='ocrx_word' id='word_1_331' title='bbox 466 3327 591 3397; x_wconf 79' lang='lat' dir='ltr'><strong>Euripid.</strong></span> <span class='ocrx_word' id='word_1_332' title='bbox 610 3327 639 3376; x_wconf 88' lang='lat' dir='ltr'><strong>iu</strong></span> 
     </span>
     <span class='ocr_line' id='line_1_53' title="bbox 102 3391 639 3445; baseline 0.002 -2"><span class='ocrx_word' id='word_1_333' title='bbox 102 3391 272 3445; x_wconf 74' lang='lat' dir='ltr'><strong>Andromach.</strong></span> <span class='ocrx_word' id='word_1_334' title='bbox 295 3391 357 3444; x_wconf 76' lang='lat'><strong>836.</strong></span> <span class='ocrx_word' id='word_1_335' title='bbox 378 3393 396 3443; x_wconf 79' lang='grc'>9</span> <span class='ocrx_word' id='word_1_336' title='bbox 413 3394 438 3443; x_wconf 87' lang='lat'><strong>2.</strong></span> <span class='ocrx_word' id='word_1_337' title='bbox 474 3394 554 3444; x_wconf 82' lang='lat' dir='ltr'><strong>Cani.</strong></span> <span class='ocrx_word' id='word_1_338' title='bbox 578 3396 639 3444; x_wconf 76' lang='lat' dir='ltr'><strong>Ste-</strong></span> 
     </span>
     <span class='ocr_line' id='line_1_54' title="bbox 102 3459 638 3527; baseline 0.011 -19"><span class='ocrx_word' id='word_1_339' title='bbox 102 3459 175 3523; x_wconf 83' lang='lat' dir='ltr'><strong>phan.</strong></span> <span class='ocrx_word' id='word_1_340' title='bbox 191 3462 276 3512; x_wconf 83' lang='lat' dir='ltr'><strong>Thea.</strong></span> <span class='ocrx_word' id='word_1_341' title='bbox 295 3462 329 3511; x_wconf 83' lang='lat'><strong>1..</strong></span> <span class='ocrx_word' id='word_1_342' title='bbox 344 3461 391 3512; x_wconf 83' lang='lat' dir='ltr'><strong>Gr.</strong></span> <span class='ocrx_word' id='word_1_343' title='bbox 403 3477 467 3527; x_wconf 78' lang='lat' dir='ltr'><strong>pag.</strong></span> <span class='ocrx_word' id='word_1_344' title='bbox 481 3460 550 3511; x_wconf 73' lang='lat' dir='ltr'><strong>stau</strong></span> <span class='ocrx_word' id='word_1_345' title='bbox 560 3463 593 3512; x_wconf 89' lang='lat' dir='ltr'><strong>B.</strong></span> <span class='ocrx_word' id='word_1_346' title='bbox 616 3476 638 3514; x_wconf 89' lang='lat' dir='ltr'><strong>s.</strong></span> 
     </span>
     <span class='ocr_line' id='line_1_55' title="bbox 104 3526 638 3594; baseline 0.006 -18"><span class='ocrx_word' id='word_1_347' title='bbox 104 3526 142 3577; x_wconf 85' lang='lat' dir='ltr'><strong>vl.</strong></span> <span class='ocrx_word' id='word_1_348' title='bbox 157 3544 184 3594; x_wconf 87' lang='lat' dir='ltr'><strong>p.</strong></span> <span class='ocrx_word' id='word_1_349' title='bbox 194 3529 264 3581; x_wconf 72' lang='lat'><strong>2342</strong></span> <span class='ocrx_word' id='word_1_350' title='bbox 282 3529 325 3579; x_wconf 88' lang='lat' dir='ltr'><strong>ed.</strong></span> <span class='ocrx_word' id='word_1_351' title='bbox 339 3529 480 3591; x_wconf 67' lang='lat' dir='ltr'><strong>Diodori,</strong></span> <span class='ocrx_word' id='word_1_352' title='bbox 499 3530 547 3579; x_wconf 93' lang='lat' dir='ltr'><strong>ubi</strong></span> <span class='ocrx_word' id='word_1_353' title='bbox 564 3528 638 3579; x_wconf 91' lang='lat' dir='ltr'><strong>locu-</strong></span> 
     </span>
     <span class='ocr_line' id='line_1_56' title="bbox 103 3595 637 3662; baseline 0.009 -20"><span class='ocrx_word' id='word_1_354' title='bbox 103 3595 136 3645; x_wconf 81' lang='lat' dir='ltr'><strong>tio</strong></span> <span class='ocrx_word' id='word_1_355' title='bbox 149 3598 284 3662; x_wconf 85' lang='lat' dir='ltr'><strong>repetitur</strong></span> <span class='ocrx_word' id='word_1_356' title='bbox 301 3613 336 3647; x_wconf 83' lang='lat' dir='ltr'><strong>ex</strong></span> <span class='ocrx_word' id='word_1_357' title='bbox 353 3613 400 3659; x_wconf 89' lang='lat' dir='ltr'><strong>eo,</strong></span> <span class='ocrx_word' id='word_1_358' title='bbox 419 3597 490 3662; x_wconf 90' lang='lat' dir='ltr'><strong>quod</strong></span> <span class='ocrx_word' id='word_1_359' title='bbox 501 3599 553 3655; x_wconf 90' lang='lat' dir='ltr'><strong>VI,</strong></span> <span class='ocrx_word' id='word_1_360' title='bbox 569 3596 580 3645; x_wconf 90' lang='lat' dir='ltr'>l</span> <span class='ocrx_word' id='word_1_361' title='bbox 600 3597 637 3647; x_wconf 89' lang='lat' dir='ltr'><strong>le·</strong></span> 
     </span>
     <span class='ocr_line' id='line_1_57' title="bbox 103 3656 641 3783; baseline 0.011 -6"><span class='ocrx_word' id='word_1_362' title='bbox 103 3662 285 3782; x_wconf 60' lang='grc' dir='ltr'><strong><em>αντε</em></strong></span> <span class='ocrx_word' id='word_1_363' title='bbox 301 3656 641 3783; x_wconf 67' lang='grc' dir='ltr'><strong><em>ενεένοέτιια</em></strong></span> 
     </span>
     <span class='ocr_line' id='line_1_58' title="bbox 104 3797 640 3865; baseline 0.006 -19"><span class='ocrx_word' id='word_1_364' title='bbox 104 3797 245 3851; x_wconf 83' lang='lat' dir='ltr'><strong>BInnrfield.</strong></span> <span class='ocrx_word' id='word_1_365' title='bbox 270 3801 300 3850; x_wconf 90' lang='lat' dir='ltr'><strong>in</strong></span> <span class='ocrx_word' id='word_1_366' title='bbox 317 3800 438 3851; x_wconf 80' lang='lat' dir='ltr'><strong>Glossar.</strong></span> <span class='ocrx_word' id='word_1_367' title='bbox 458 3801 492 3853; x_wconf 89' lang='lat' dir='ltr'><strong>ad</strong></span> <span class='ocrx_word' id='word_1_368' title='bbox 509 3801 640 3865; x_wconf 78' lang='lat' dir='ltr'><strong>Aeschyli</strong></span> 
     </span>
     <span class='ocr_line' id='line_1_59' title="bbox 104 3864 343 3930; baseline 0.004 -13"><span class='ocrx_word' id='word_1_369' title='bbox 104 3864 252 3930; x_wconf 73' lang='lat' dir='ltr'><strong>Agamemn.</strong></span> <span class='ocrx_word' id='word_1_370' title='bbox 269 3867 343 3919; x_wconf 76' lang='lat'><strong>1594.</strong></span> 
     </span>
    </p>
   </div>
   <div class='ocr_carea' id='block_1_7' title="bbox 273 4036 461 4088">
    <p class='ocr_par' dir='ltr' id='par_1_8' title="bbox 273 4036 461 4088">
     <span class='ocr_line' id='line_1_60' title="bbox 273 4036 461 4088; baseline 0 0"><span class='ocrx_word' id='word_1_371' title='bbox 273 4036 340 4088; x_wconf 83' lang='lat' dir='ltr'><strong>Car.</strong></span> <span class='ocrx_word' id='word_1_372' title='bbox 359 4038 461 4088; x_wconf 81' lang='lat' dir='ltr'><strong>xvm.</strong></span> 
     </span>
    </p>
   </div>
   <div class='ocr_carea' id='block_1_8' title="bbox 689 3183 1236 4135">
    <p class='ocr_par' dir='ltr' id='par_1_9' title="bbox 689 3183 1236 4135">
     <span class='ocr_line' id='line_1_61' title="bbox 690 3183 1234 3254; baseline -0.004 -15"><span class='ocrx_word' id='word_1_373' title='bbox 690 3192 820 3239; x_wconf 79' lang='lat' dir='ltr'><strong>revocavi</strong></span> <span class='ocrx_word' id='word_1_374' title='bbox 845 3183 951 3249; x_wconf 73' lang='lat' dir='ltr'><strong>slacio,</strong></span> <span class='ocrx_word' id='word_1_375' title='bbox 982 3190 1016 3241; x_wconf 81' lang='lat' dir='ltr'><strong>dc</strong></span> <span class='ocrx_word' id='word_1_376' title='bbox 1041 3204 1093 3254; x_wconf 90' lang='lat' dir='ltr'><strong>quo</strong></span> <span class='ocrx_word' id='word_1_377' title='bbox 1117 3188 1174 3237; x_wconf 84' lang='lat' dir='ltr'><strong>dixi</strong></span> <span class='ocrx_word' id='word_1_378' title='bbox 1199 3188 1234 3237; x_wconf 84' lang='lat' dir='ltr'><strong>ad</strong></span> 
     </span>
     <span class='ocr_line' id='line_1_62' title="bbox 689 3256 1234 3327; baseline -0.004 -21"><span class='ocrx_word' id='word_1_379' title='bbox 689 3258 770 3319; x_wconf 90' lang='lat' dir='ltr'>VIII,</span> <span class='ocrx_word' id='word_1_380' title='bbox 788 3257 830 3307; x_wconf 78' lang='lat' dir='ltr'><strong>an.</strong></span> <span class='ocrx_word' id='word_1_381' title='bbox 865 3258 929 3327; x_wconf 74' lang='lat' dir='ltr'><strong>ipsa</strong></span> <span class='ocrx_word' id='word_1_382' title='bbox 952 3262 1043 3309; x_wconf 82' lang='lat' dir='ltr'><strong>autem</strong></span> <span class='ocrx_word' id='word_1_383' title='bbox 1059 3256 1130 3305; x_wconf 86' lang='lat' dir='ltr'><strong>haec</strong></span> <span class='ocrx_word' id='word_1_384' title='bbox 1146 3257 1234 3305; x_wconf 89' lang='lat' dir='ltr'><strong>Horo-</strong></span> 
     </span>
     <span class='ocr_line' id='line_1_63' title="bbox 690 3315 1234 3388; baseline -0.004 -14"><span class='ocrx_word' id='word_1_385' title='bbox 690 3326 747 3374; x_wconf 87' lang='lat' dir='ltr'><strong>doti</strong></span> <span class='ocrx_word' id='word_1_386' title='bbox 760 3325 846 3375; x_wconf 84' lang='lat' dir='ltr'><strong>rerba</strong></span> <span class='ocrx_word' id='word_1_387' title='bbox 859 3326 922 3385; x_wconf 88' lang='grc' dir='ltr'><strong><em>(ουκ</em></strong></span> <span class='ocrx_word' id='word_1_388' title='bbox 936 3318 989 3388; x_wconf 79' lang='grc' dir='ltr'><strong>ἔχω</strong></span> <span class='ocrx_word' id='word_1_389' title='bbox 1002 3319 1033 3376; x_wconf 85' lang='grc' dir='ltr'><strong>δ’</strong></span> <span class='ocrx_word' id='word_1_390' title='bbox 1043 3315 1184 3386; x_wconf 82' lang='grc' dir='ltr'><strong><em>ἀτρεκέως</em></strong></span> <span class='ocrx_word' id='word_1_391' title='bbox 1196 3318 1234 3372; x_wconf 79' lang='grc' dir='ltr'><strong><em>ελ-</em></strong></span> 
     </span>
     <span class='ocr_line' id='line_1_64' title="bbox 689 3390 1233 3455; baseline -0.004 -13"><span class='ocrx_word' id='word_1_392' title='bbox 689 3395 757 3442; x_wconf 86' lang='grc' dir='ltr'><strong><em>πεῖν</em></strong></span> <span class='ocrx_word' id='word_1_393' title='bbox 768 3409 793 3443; x_wconf 87' lang='grc' dir='ltr'><strong>κ.</strong></span> <span class='ocrx_word' id='word_1_394' title='bbox 807 3409 830 3441; x_wconf 86' lang='grc' dir='ltr'><strong>τ.</strong></span> <span class='ocrx_word' id='word_1_395' title='bbox 844 3392 889 3455; x_wconf 80' lang='grc' dir='ltr'><strong>λ),</strong></span> <span class='ocrx_word' id='word_1_396' title='bbox 902 3397 933 3441; x_wconf 89' lang='lat' dir='ltr'><strong>ut</strong></span> <span class='ocrx_word' id='word_1_397' title='bbox 944 3400 1019 3443; x_wconf 88' lang='lat' dir='ltr'><strong>recte</strong></span> <span class='ocrx_word' id='word_1_398' title='bbox 1033 3392 1138 3440; x_wconf 88' lang='lat' dir='ltr'><strong>monuit</strong></span> <span class='ocrx_word' id='word_1_399' title='bbox 1150 3390 1233 3440; x_wconf 86' lang='lat' dir='ltr'><strong>Grote</strong></span> 
     </span>
     <span class='ocr_line' id='line_1_65' title="bbox 690 3458 1235 3524; baseline -0.006 -15"><span class='ocrx_word' id='word_1_400' title='bbox 690 3461 814 3524; x_wconf 78' lang='lat' dir='ltr'><strong>(HIstorp</strong></span> <span class='ocrx_word' id='word_1_401' title='bbox 827 3460 857 3510; x_wconf 82' lang='lat' dir='ltr'><strong>of</strong></span> <span class='ocrx_word' id='word_1_402' title='bbox 869 3459 974 3510; x_wconf 82' lang='lat' dir='ltr'><strong>Greece</strong></span> <span class='ocrx_word' id='word_1_403' title='bbox 986 3461 1018 3509; x_wconf 91' lang='lat' dir='ltr'><strong>V.</strong></span> <span class='ocrx_word' id='word_1_404' title='bbox 1033 3476 1058 3524; x_wconf 87' lang='lat' dir='ltr'><strong>p.</strong></span> <span class='ocrx_word' id='word_1_405' title='bbox 1072 3458 1147 3521; x_wconf 80' lang='lat'>216),</span> <span class='ocrx_word' id='word_1_406' title='bbox 1165 3458 1235 3507; x_wconf 81' lang='lat' dir='ltr'><strong>satIs</strong></span> 
     </span>
     <span class='ocr_line' id='line_1_66' title="bbox 689 3525 1234 3593; baseline -0.009 -15"><span class='ocrx_word' id='word_1_407' title='bbox 689 3528 845 3589; x_wconf 84' lang='lat' dir='ltr'><strong>declarant,</strong></span> <span class='ocrx_word' id='word_1_408' title='bbox 859 3542 940 3593; x_wconf 84' lang='lat' dir='ltr'><strong>quarn</strong></span> <span class='ocrx_word' id='word_1_409' title='bbox 954 3532 1084 3578; x_wconf 85' lang='lat' dir='ltr'><strong>accurate</strong></span> <span class='ocrx_word' id='word_1_410' title='bbox 1095 3527 1194 3577; x_wconf 82' lang='lat' dir='ltr'><strong>Noster</strong></span> <span class='ocrx_word' id='word_1_411' title='bbox 1206 3525 1234 3574; x_wconf 90' lang='lat' dir='ltr'><strong>in</strong></span> 
     </span>
     <span class='ocr_line' id='line_1_67' title="bbox 691 3593 1234 3661; baseline -0.007 -15"><span class='ocrx_word' id='word_1_412' title='bbox 691 3597 784 3646; x_wconf 86' lang='lat' dir='ltr'><strong>omnia</strong></span> <span class='ocrx_word' id='word_1_413' title='bbox 801 3596 976 3661; x_wconf 77' lang='lat' dir='ltr'><strong>inquisiverit</strong></span> <span class='ocrx_word' id='word_1_414' title='bbox 994 3609 1138 3659; x_wconf 82' lang='lat' dir='ltr'><strong>rerumque</strong></span> <span class='ocrx_word' id='word_1_415' title='bbox 1153 3593 1234 3642; x_wconf 83' lang='lat' dir='ltr'><strong>iidem</strong></span> 
     </span>
     <span class='ocr_line' id='line_1_68' title="bbox 691 3663 1236 3725; baseline -0.006 -12"><span class='ocrx_word' id='word_1_416' title='bbox 691 3665 719 3713; x_wconf 89' lang='lat' dir='ltr'><strong>in</strong></span> <span class='ocrx_word' id='word_1_417' title='bbox 728 3664 853 3714; x_wconf 89' lang='lat' dir='ltr'><strong>omnibus</strong></span> <span class='ocrx_word' id='word_1_418' title='bbox 863 3678 974 3714; x_wconf 87' lang='lat' dir='ltr'><strong>servare</strong></span> <span class='ocrx_word' id='word_1_419' title='bbox 981 3663 1125 3714; x_wconf 86' lang='lat' dir='ltr'><strong>studuerit.</strong></span> <span class='ocrx_word' id='word_1_420' title='bbox 1136 3663 1166 3710; x_wconf 89' lang='lat' dir='ltr'><strong>In</strong></span> <span class='ocrx_word' id='word_1_421' title='bbox 1176 3675 1236 3725; x_wconf 86' lang='lat' dir='ltr'><strong>pro-</strong></span> 
     </span>
     <span class='ocr_line' id='line_1_69' title="bbox 690 3730 1235 3796; baseline -0.007 -14"><span class='ocrx_word' id='word_1_422' title='bbox 690 3732 763 3782; x_wconf 74' lang='lat' dir='ltr'><strong>xime</strong></span> <span class='ocrx_word' id='word_1_423' title='bbox 787 3732 967 3796; x_wconf 89' lang='lat' dir='ltr'><strong>sequentibus</strong></span> <span class='ocrx_word' id='word_1_424' title='bbox 991 3730 1061 3795; x_wconf 91' lang='lat' dir='ltr'><strong>quod</strong></span> <span class='ocrx_word' id='word_1_425' title='bbox 1078 3730 1235 3780; x_wconf 87' lang='lat' dir='ltr'><strong>Phocenses</strong></span> 
     </span>
     <span class='ocr_line' id='line_1_70' title="bbox 690 3791 1234 3863; baseline -0.006 -15"><span class='ocrx_word' id='word_1_426' title='bbox 690 3799 760 3849; x_wconf 88' lang='lat' dir='ltr'><strong>dicit</strong></span> <span class='ocrx_word' id='word_1_427' title='bbox 776 3800 876 3850; x_wconf 86' lang='lat' dir='ltr'><strong>Noster</strong></span> <span class='ocrx_word' id='word_1_428' title='bbox 892 3791 963 3863; x_wconf 88' lang='grc' dir='ltr'><strong><em>πρὸς</em></strong></span> <span class='ocrx_word' id='word_1_429' title='bbox 979 3794 1114 3863; x_wconf 76' lang='grc' dir='ltr'><strong><em>ἀλέξησιν</em></strong></span> <span class='ocrx_word' id='word_1_430' title='bbox 1130 3812 1234 3861; x_wconf 89' lang='grc' dir='ltr'><strong><em>τραπο-</em></strong></span> 
     </span>
     <span class='ocr_line' id='line_1_71' title="bbox 689 3861 1235 3931; baseline -0.009 -13"><span class='ocrx_word' id='word_1_431' title='bbox 689 3861 806 3931; x_wconf 83' lang='grc' dir='ltr'><strong><em>μένους,</em></strong></span> <span class='ocrx_word' id='word_1_432' title='bbox 831 3869 848 3918; x_wconf 90' lang='lat' dir='ltr'><strong>i.</strong></span> <span class='ocrx_word' id='word_1_433' title='bbox 869 3883 892 3916; x_wconf 87' lang='lat' dir='ltr'><strong>e.</strong></span> <span class='ocrx_word' id='word_1_434' title='bbox 911 3869 947 3917; x_wconf 85' lang='lat' dir='ltr'><strong>ad</strong></span> <span class='ocrx_word' id='word_1_435' title='bbox 966 3871 1012 3918; x_wconf 82' lang='lat' dir='ltr'><strong>nim</strong></span> <span class='ocrx_word' id='word_1_436' title='bbox 1035 3867 1235 3931; x_wconf 78' lang='lat' dir='ltr'><strong>propulsandam</strong></span> 
     </span>
     <span class='ocr_line' id='line_1_72' title="bbox 690 3934 1233 3996; baseline -0.006 -11"><span class='ocrx_word' id='word_1_437' title='bbox 690 3951 825 3985; x_wconf 80' lang='grc' dir='ltr'><strong><em>τοαυετεοε</em></strong></span> <span class='ocrx_word' id='word_1_438' title='bbox 843 3952 864 3984; x_wconf 90' lang='lat' dir='ltr'><strong>s.</strong></span> <span class='ocrx_word' id='word_1_439' title='bbox 882 3951 1018 3985; x_wconf 81' lang='lat' dir='ltr'><strong>conversan</strong></span> <span class='ocrx_word' id='word_1_440' title='bbox 1038 3935 1074 3983; x_wconf 84' lang='lat' dir='ltr'><strong>ad</strong></span> <span class='ocrx_word' id='word_1_441' title='bbox 1094 3948 1123 3983; x_wconf 79' lang='lat' dir='ltr'><strong>oe</strong></span> <span class='ocrx_word' id='word_1_442' title='bbox 1145 3934 1233 3996; x_wconf 78' lang='lat' dir='ltr'><strong>desen·</strong></span> 
     </span>
     <span class='ocr_line' id='line_1_73' title="bbox 689 4002 1235 4068; baseline -0.007 -15"><span class='ocrx_word' id='word_1_443' title='bbox 689 4005 787 4054; x_wconf 83' lang='lat' dir='ltr'><strong>dendos</strong></span> <span class='ocrx_word' id='word_1_444' title='bbox 798 4004 931 4068; x_wconf 73' lang='lat' dir='ltr'><strong>hostesque</strong></span> <span class='ocrx_word' id='word_1_445' title='bbox 943 4004 1081 4063; x_wconf 78' lang='lat' dir='ltr'><strong>arcendos,</strong></span> <span class='ocrx_word' id='word_1_446' title='bbox 1095 4005 1193 4066; x_wconf 82' lang='lat' dir='ltr'><strong>sponte</strong></span> <span class='ocrx_word' id='word_1_447' title='bbox 1207 4002 1235 4050; x_wconf 89' lang='lat' dir='ltr'><strong>in</strong></span> 
     </span>
     <span class='ocr_line' id='line_1_74' title="bbox 690 4060 1234 4135; baseline -0.002 -16"><span class='ocrx_word' id='word_1_448' title='bbox 690 4077 809 4120; x_wconf 85' lang='lat' dir='ltr'><strong>mentem</strong></span> <span class='ocrx_word' id='word_1_449' title='bbox 833 4071 910 4121; x_wconf 91' lang='lat' dir='ltr'><strong>vonit</strong></span> <span class='ocrx_word' id='word_1_450' title='bbox 933 4064 1003 4134; x_wconf 86' lang='grc' dir='ltr'><strong><em>πρὸς</em></strong></span> <span class='ocrx_word' id='word_1_451' title='bbox 1024 4060 1117 4135; x_wconf 75' lang='grc' dir='ltr'><strong><em>ἀλκὴν</em></strong></span> <span class='ocrx_word' id='word_1_452' title='bbox 1137 4062 1234 4131; x_wconf 87' lang='grc' dir='ltr'><strong><em>τρέπε-</em></strong></span> 
     </span>
    </p>
   </div>
   <div class='ocr_carea' id='block_1_9' title="bbox 104 4131 1235 4408">
    <p class='ocr_par' dir='ltr' id='par_1_10' title="bbox 104 4131 1235 4408">
     <span class='ocr_line' id='line_1_75' title="bbox 133 4131 1235 4206; baseline -0.004 -18"><span class='ocrx_word' id='word_1_453' title='bbox 133 4135 305 4190; x_wconf 84' lang='grc' dir='ltr'><strong><em>διετείνοντο</em></strong></span> <span class='ocrx_word' id='word_1_454' title='bbox 327 4131 362 4189; x_wconf 77' lang='grc' dir='ltr'><strong>τοὶ</strong></span> <span class='ocrx_word' id='word_1_455' title='bbox 384 4134 477 4206; x_wconf 77' lang='grc' dir='ltr'><strong><em>βέλεα]</em></strong></span> <span class='ocrx_word' id='word_1_456' title='bbox 502 4141 519 4190; x_wconf 87' lang='lat' dir='ltr'><strong>i.</strong></span> <span class='ocrx_word' id='word_1_457' title='bbox 539 4156 639 4190; x_wconf 75' lang='grc' dir='ltr'><strong><em>οιτον</em></strong></span> <span class='ocrx_word' id='word_1_458' title='bbox 691 4138 771 4201; x_wconf 89' lang='grc' dir='ltr'><strong><em>σθαι,</em></strong></span> <span class='ocrx_word' id='word_1_459' title='bbox 785 4139 856 4205; x_wconf 89' lang='lat' dir='ltr'><strong>quod</strong></span> <span class='ocrx_word' id='word_1_460' title='bbox 869 4138 985 4188; x_wconf 86' lang='lat' dir='ltr'><strong>enndsrn</strong></span> <span class='ocrx_word' id='word_1_461' title='bbox 997 4138 1082 4188; x_wconf 84' lang='lat' dir='ltr'><strong>hebet</strong></span> <span class='ocrx_word' id='word_1_462' title='bbox 1093 4135 1235 4202; x_wconf 80' lang='lat' dir='ltr'><strong>significa-</strong></span> 
     </span>
     <span class='ocr_line' id='line_1_76' title="bbox 105 4204 1235 4272; baseline -0.004 -15"><span class='ocrx_word' id='word_1_463' title='bbox 105 4209 184 4271; x_wconf 69' lang='grc' dir='ltr'><strong><em>φέρτε</em></strong></span> <span class='ocrx_word' id='word_1_464' title='bbox 200 4207 368 4258; x_wconf 81' lang='lat' dir='ltr'><strong>intendebant</strong></span> <span class='ocrx_word' id='word_1_465' title='bbox 385 4224 474 4270; x_wconf 80' lang='grc' dir='ltr'><strong><em>ατοτιε,</em></strong></span> <span class='ocrx_word' id='word_1_466' title='bbox 493 4213 545 4259; x_wconf 80' lang='lat' dir='ltr'><strong>tela</strong></span> <span class='ocrx_word' id='word_1_467' title='bbox 561 4224 582 4258; x_wconf 91' lang='lat' dir='ltr'><strong>s.</strong></span> <span class='ocrx_word' id='word_1_468' title='bbox 601 4210 639 4257; x_wconf 90' lang='grc' dir='ltr'><strong>ιά-</strong></span> <span class='ocrx_word' id='word_1_469' title='bbox 689 4208 793 4257; x_wconf 89' lang='lat' dir='ltr'><strong>tionem</strong></span> <span class='ocrx_word' id='word_1_470' title='bbox 819 4211 847 4257; x_wconf 87' lang='lat' dir='ltr'><strong>et</strong></span> <span class='ocrx_word' id='word_1_471' title='bbox 869 4210 981 4272; x_wconf 83' lang='lat' dir='ltr'><strong>praeter</strong></span> <span class='ocrx_word' id='word_1_472' title='bbox 1004 4205 1074 4255; x_wconf 84' lang='lat' dir='ltr'><strong>nlius</strong></span> <span class='ocrx_word' id='word_1_473' title='bbox 1098 4220 1115 4254; x_wconf 84' lang='lat' dir='ltr'><strong>a</strong></span> <span class='ocrx_word' id='word_1_474' title='bbox 1136 4204 1235 4253; x_wconf 88' lang='lat' dir='ltr'><strong>Nostro</strong></span> 
     </span>
     <span class='ocr_line' id='line_1_77' title="bbox 104 4271 1235 4340; baseline -0.004 -18"><span class='ocrx_word' id='word_1_475' title='bbox 104 4276 154 4322; x_wconf 77' lang='lat' dir='ltr'><strong>ena</strong></span> <span class='ocrx_word' id='word_1_476' title='bbox 168 4278 292 4326; x_wconf 66' lang='lat' dir='ltr'><strong>mamni.</strong></span> <span class='ocrx_word' id='word_1_477' title='bbox 328 4276 383 4326; x_wconf 88' lang='lat' dir='ltr'><strong>Ubi</strong></span> <span class='ocrx_word' id='word_1_478' title='bbox 401 4271 482 4340; x_wconf 80' lang='grc' dir='ltr'><strong><em>βέλος</em></strong></span> <span class='ocrx_word' id='word_1_479' title='bbox 499 4276 532 4326; x_wconf 88' lang='lat' dir='ltr'><strong>do</strong></span> <span class='ocrx_word' id='word_1_480' title='bbox 547 4276 639 4326; x_wconf 79' lang='lat' dir='ltr'><strong>iaculo</strong></span> <span class='ocrx_word' id='word_1_481' title='bbox 691 4289 797 4340; x_wconf 87' lang='lat' dir='ltr'><strong>quoque</strong></span> <span class='ocrx_word' id='word_1_482' title='bbox 810 4274 933 4340; x_wconf 87' lang='lat' dir='ltr'><strong>pluribus</strong></span> <span class='ocrx_word' id='word_1_483' title='bbox 944 4273 1015 4324; x_wconf 88' lang='lat' dir='ltr'><strong>locis</strong></span> <span class='ocrx_word' id='word_1_484' title='bbox 1031 4272 1186 4329; x_wconf 89' lang='lat' dir='ltr'><strong>adhibetur,</strong></span> <span class='ocrx_word' id='word_1_485' title='bbox 1205 4274 1235 4318; x_wconf 86' lang='lat' dir='ltr'><strong>ut</strong></span> 
     </span>
     <span class='ocr_line' id='line_1_78' title="bbox 106 4337 1233 4408; baseline -0.004 -18"><span class='ocrx_word' id='word_1_486' title='bbox 106 4342 299 4408; x_wconf 78' lang='lat' dir='ltr'><strong>accipiendum.</strong></span> <span class='ocrx_word' id='word_1_487' title='bbox 311 4342 505 4395; x_wconf 59' lang='lat' dir='ltr'><strong>Plutuuunu</strong></span> <span class='ocrx_word' id='word_1_488' title='bbox 517 4342 639 4394; x_wconf 84' lang='grc' dir='ltr'><strong><em>διετεί·</em></strong></span> <span class='ocrx_word' id='word_1_489' title='bbox 692 4343 728 4392; x_wconf 89' lang='lat' dir='ltr'><strong>ad</strong></span> <span class='ocrx_word' id='word_1_490' title='bbox 749 4343 789 4404; x_wconf 87' lang='lat'><strong>11,</strong></span> <span class='ocrx_word' id='word_1_491' title='bbox 807 4342 840 4392; x_wconf 81' lang='grc'><strong>45</strong></span> <span class='ocrx_word' id='word_1_492' title='bbox 862 4341 1062 4392; x_wconf 81' lang='lat' dir='ltr'><strong>adnotavimus.</strong></span> <span class='ocrx_word' id='word_1_493' title='bbox 1095 4338 1164 4388; x_wconf 84' lang='lat' dir='ltr'><strong>Add.</strong></span> <span class='ocrx_word' id='word_1_494' title='bbox 1185 4337 1233 4397; x_wconf 85' lang='lat' dir='ltr'><strong>IX,</strong></span> 
     </span>
    </p>
   </div>
   <div class='ocr_carea' id='block_1_10' title="bbox 0 0 1470 5124">
    <p class='ocr_par' dir='ltr' id='par_1_11' title="bbox 0 0 1470 5124">
     <span class='ocr_line' id='line_1_79' title="bbox 0 0 1470 5124; baseline 0 0"><span class='ocrx_word' id='word_1_495' title='bbox 0 0 1470 5124; x_wconf 95' lang='lat' dir='ltr'><strong> </strong></span> 
     </span>
    </p>
   </div>
  </div>
 </body>
</html>
