2952 5156
243 390 283 451 96
677 381 950 443 HERODOTI

243 554 463 648 ἐκαραδόκεον
480 552 539 625 τὸν
556 552 700 644 πόλεμον
717 557 761 641 κη
777 549 995 642 ἀποβήσεται·
1013 558 1049 623 ol
1065 553 1102 622 δὲ
1119 555 1229 623 λοιποὶ
1247 548 1292 634 oio
1309 549 1381 623 ἀπί-

242 687 340 729 κοντο
366 661 398 738 ἐς
414 653 452 738 ,rt
471 655 643 746 Φάληρον,
669 658 817 726 ἐνθαῦτα
840 658 962 744 κατέβη
987 651 1087 735 αὐτὸς
1104 657 1227 742 Ξέρξης
1251 656 1305 724 έπλ
1327 651 1382 736 τολς

242 764 338 848 νέας,
364 761 492 829 ἐθέλων
515 779 576 847 σφι
599 760 756 847 συμμίξαι
779 785 815 827 τε
838 759 894 827 καὶ
918 759 1091 828 πυθέσθαι
1115 759 1183 826 τών
1202 754 1382 826 ἐπιπλωόν-

242 890 309 932 των
332 859 390 942 τοὶς
408 858 550 950 γνώμας.
587 856 676 930 Ἐπεὶ
695 860 734 928 δὲ
751 855 950 948 ἀπικόμενος
968 866 1135 948 προΐζετο,
1159 861 1314 948 παρῆσαν
1330 886 1383 948 με·

241 961 424 1052 τοίπεμπτοι
442 967 476 1033 οί
491 964 559 1031 τών
578 963 707 1031 ἐδνέων
723 964 792 1030 τών
814 962 986 1051 σφετέρων
1003 956 1164 1049 τύραννοι
1182 963 1238 1030 καὶ
1254 964 1384 1049 ταξίαρ-

241 1094 292 1155 χοι
311 1061 375 1135 ἀπὸ
393 1067 461 1134 τών
477 1064 581 1152 νέων,
607 1065 661 1132 καλ
679 1068 803 1150 ἵζοντο,
829 1059 872 1143 ώς
890 1083 950 1151 σφι
968 1057 1124 1150 βασιλεύς
1143 1059 1270 1154 ἑκάστῳ
1288 1059 1385 1151 τιμὴν

243 1165 421 1254 ἐδεδώκεε,
457 1168 586 1255 πρώτος
628 1165 690 1254 μὲν
721 1159 739 1234 ὃ
771 1162 938 1244 Σιδώνιος
969 1160 1142 1251 βασιλευς,
1177 1161 1259 1253 μετὰ
1292 1164 1331 1233 δέ
1367 1158 1384 1234 ὃ

248 1267 385 1357 Τύριος,
410 1269 464 1336 ἐπὶ
489 1267 526 1336 δὲ
550 1255 658 1336 ώλλοι.
703 1260 748 1346 ώς
773 1266 810 1336 δέ
833 1264 945 1358 κόσμῳ
970 1268 1084 1354 ἐπεξῆς
1105 1270 1230 1354 λζοντο,
1255 1267 1385 1355 πέμψας

241 1372 364 1460 Ξέρξης
391 1367 588 1460 Μαρδόνιον
612 1365 751 1458 εἰρώτα,
777 1364 1048 1457 ἀποπειρώμενος
1068 1365 1227 1455 ἑκάστου,
1253 1374 1284 1437 εί
1305 1396 1386 1437 ναυ-

196 1484 236 1547 68
243 1479 366 1561 μαχίην
382 1472 533 1540 ποιέοιτο.
567 1467 655 1540 Ἐπεὶ
675 1470 712 1539 δέ
729 1465 869 1558 περιιών
887 1467 1006 1558 εἰρώτα
1023 1463 1040 1539 δ
1059 1467 1271 1560 Μαρδόνιος,
1290 1465 1387 1555 ἆρξολ·

242 1600 341 1662 μενος
359 1568 503 1643 ἀπὸτοῦ
519 1577 706 1661 Σιδωνίου,
725 1576 761 1640 οἱ
774 1571 836 1660 μὲν
856 1567 897 1658 δη
915 1568 1008 1640 ἄλλοι
1026 1568 1109 1640 κατὰ
1125 1566 1232 1641 τώυτὸ
1249 1569 1389 1661 γνώμην

243 1676 455 1766 ἐξεφέροντο,
480 1671 673 1754 κελεύοντες
701 1680 892 1762 ναυμαχίην
921 1675 1111 1761 ποιέεσθαι,
1138 1669 1328 1764 Ἀρτεμισίη
1353 1673 1389 1742 δὲ

241 1907 275 1959 46
288 1912 316 1959 et
329 1907 363 1958 sd
376 1923 493 1974 sequens
513 1898 709 1971 ἐκαραδόκεον
720 1910 788 1958 nott
841 1907 922 1958 obest
938 1924 999 1958 mox
1011 1922 1072 1973 esp.
1086 1905 1132 1969 68,
1152 1907 1193 1958 its
1211 1922 1298 1973 seque
1317 1908 1390 1958 bene

242 1977 277 2026 ud
290 1977 352 2039 VII,
369 1975 424 2025 168.
461 1976 538 2036 Quae
558 1976 637 2025 initio
650 1975 730 2051 hujus
742 1991 788 2040 pe·
840 1976 955 2025 retineri
967 1991 1048 2040 posse
1062 1975 1157 2039 oredo,
1172 1975 1250 2025 libris
1262 1991 1391 2041 praeser-

241 2043 453 2108 riodilegnntur
471 2043 568 2091 verbs:
589 2034 651 2093 ἐπεὶ
668 2035 789 2092 ωνοῖπί-
840 2044 889 2092 tim
913 2043 1148 2108 adstipulantibus
1171 2044 1306 2094 omnibus.
1350 2043 1391 2094 Ad

241 2125 312 2160 κατο
331 2103 360 2168 ἐς
375 2105 427 2169 τας
443 2100 563 2175 Ἀθήνας
581 2103 687 2168 πάντες
699 2098 788 2174 οὗτοι,
841 2117 1031 2177 argumentum
1048 2111 1103 2162 vid.
1116 2116 1185 2161 nott.
1200 2112 1235 2161 ad
1247 2112 1314 2173 VII,
1331 2110 1391 2161 100.

243 2194 277 2228 ee
295 2184 406 2243 propter
422 2178 509 2227 verbe
529 2178 694 2245 interposite
716 2171 787 2240 (Ποὶ-
840 2178 882 2228 Ad
904 2180 991 2229 verbe
1017 2170 1054 2238 οἱς
1082 2171 1114 2229 δὲ
1143 2173 1258 2245 κόσμῳ
1283 2170 1393 2245 ἐπεξῆς

243 2260 299 2309 ριοι
318 2239 350 2296 δὲ
368 2271 400 2280 -
418 2237 606 2312 α’ποβήοετοιι)
628 2250 790 2312 repetuntur
842 2242 935 2308 ἵζοντο
953 2248 982 2311 (i.
997 2264 1021 2297 e.
1039 2254 1065 2296 ut
1081 2262 1141 2297 vero
1157 2249 1248 2298 ordine
1266 2248 1393 2311 deinceps

243 2306 590 2389 quodammodoverbisoi
602 2305 789 2372 δδλοιπολώς
840 2316 1019 2395 comederunt)
1047 2315 1120 2365 conl.
1149 2316 1224 2365 inlrs
1245 2315 1331 2374 VIII,
1348 2314 1391 2377 86,

243 2379 382 2431 απίκοντο
395 2371 424 2439 ἐς
436 2373 469 2431 τὸ
481 2374 629 2445 Φάληρον,
649 2397 709 2431 oum
723 2397 740 2430 e
760 2397 789 2431 o·
839 2382 888 2432 ubi
901 2375 965 2433 οὐν
977 2396 1090 2448 κοομῳ
1102 2377 1278 2449 ναυμαχέειν
1291 2383 1393 2434 dieun-

243 2449 316 2499 dosis
333 2449 441 2498 demum
457 2448 577 2525 ‘rnoipiot
599 2465 616 2498 e
633 2449 726 2501 verbis
741 2398 787 2500 ἐν·
840 2454 884 2499 tur
897 2450 1008 2512 Graeci,
1029 2451 1091 2500 odd.
1110 2452 1225 2515 Dionys.
1246 2451 1341 2503 Helle.
1359 2452 1392 2501 A.

244 2515 342 2567 δαῦτα
359 2511 465 2582 κατέβη
483 2509 569 2574 αυτὸς
580 2511 699 2583 Ξέρξης.
735 2517 789 2578 Qui
840 2518 872 2567 R.
886 2519 924 2579 V,
936 2519 970 2568 44
987 2524 1015 2568 et
1028 2534 1098 2583 quse
1116 2519 1173 2569 slis
1186 2519 1344 2569 efferuntur
1356 2519 1394 2568 si-

242 2585 328 2651 igitnr
344 2585 460 2650 primum
478 2585 590 2650 scripsit
601 2576 729 2635 ἀπίκατο
748 2586 789 2647 lin
840 2586 919 2635 milia
933 2586 961 2635 in
974 2586 1117 2636 Thesauro
1129 2587 1210 2652 Ling.
1224 2587 1329 2638 Graec.
1343 2587 1384 2637 IV
1386 2623 1393 2636 .

242 2653 530 2719 plusquamperfeot03
561 2654 597 2703 oi.
621 2654 737 2703 Bredov.
761 2669 787 2718 p.
839 2669 867 2718 p.
883 2652 955 2704 1869.
993 2654 1170 2704 Contestani
1190 2646 1393 2706 οώδενλκό·

242 2720 317 2785 328),
341 2722 365 2771 is
383 2737 444 2771 mox
466 2722 558 2785 posuit
575 2721 704 2771 eoristum
722 2709 788 2770 α’πί-
840 2734 924 2788 ομφ,
942 2722 976 2772 de
994 2737 1047 2787 qno
1065 2722 1183 2772 diximus
1201 2723 1235 2772 ud
1251 2723 1333 2785 vlu,
1347 2721 1393 2774 60.

242 2802 335 2851 κοντο,
351 2789 380 2839 id
390 2790 463 2839 euim
472 2794 616 2854 utrumque
626 2790 721 2855 optimi
731 2789 789 2854 qui·
839 2791 863 2909 ἲ.
882 2788 907 2841 3.
927 2817 958 2826 -
982 2791 1023 2840 Ad
1048 2805 1130 2841 voees
1152 2780 1394 2857 οἷποπειρώμενος

243 2872 294 2920 que
313 2857 391 2907 codd.
410 2858 558 2921 praebent3
578 2859 650 2922 quod
666 2872 731 2908 sero
752 2850 789 2907 δὲ
854 2852 960 2909 κοὶατου
973 2859 1046 2908 soni.
1056 2862 1124 2909 nott
1135 2859 1169 2908 od
1179 2860 1229 2917 III,
1240 2858 1298 2909 119.
1319 2859 1394 2910 Add.

242 2925 271 2972 in
292 2924 346 2974 hae
370 2925 535 2989 repetitione
553 2927 673 2989 priorum
689 2939 788 2975 vocum
839 2927 889 2983 Vl,
903 2924 936 2975 48
954 2931 983 2976 et
994 2926 1049 2976 vid.
1062 2925 1135 2976 Plst.
1148 2927 1253 2978 Phaed.
1267 2944 1295 3008 p.
1310 2927 1395 2979 tous

242 2992 397 3041 invenimus
410 2991 546 3056 additum,
564 2992 637 3042 houd
651 3008 713 3043 raro
725 2997 788 3058 post
839 2984 982 3044 ἐνυπνίων
993 2992 1080 3044 τινοῖν
1091 2985 1223 3046 α’ποπει
1231 3012 1299 3062 ρωμ
1309 3011 1395 3055 enoc

241 3059 328 3109 verbs
351 3059 499 3108 interiecto
518 3058 547 3108 id
567 3060 628 3109 fieri
647 3060 731 3122 solet,
757 3065 788 3110 nt
837 3060 868 3111 τί
882 3056 967 3126 λέγοι.
1003 3063 1096 3113 Verba
1118 3062 1284 3130 serupulus
1309 3057 1397 3116 ποιέ·

242 3142 326 3191 supro
342 3128 384 3183 ΙΙ,
403 3125 465 3188 12ος
490 3142 570 3192 quern
591 3142 669 3183 nsum
692 3127 787 3193 attigit
837 3143 897 3180 οιτο
911 3146 971 3179 oum
984 3129 1016 3181 G.
1030 3130 1190 3181 Hermanno
1204 3080 1328 3198 (ἐφυετο.
1342 3133 1395 3183 IV.

241 3192 593 3257 northusensem.
633 3196 676 3261 De
700 3196 788 3245 Portis
838 3214 864 3263 p.
876 3196 918 3247 90.
931 3197 962 3248 el
977 3198 1155 3248 reddiderim:
1175 3216 1208 3249 απ
1216 3216 1332 3267 puppam
1346 3218 1395 3250 πα-

242 3263 316 3311 coni.
328 3263 366 3321 V,
379 3261 413 3313 28
425 3277 502 3328 seqq.
515 3261 557 3313 31.
573 3262 624 3327 VI,
644 3261 692 3314 133
709 3278 785 3329 seqq.
837 3270 916 3316 salem
927 3268 1046 3317 committi
1056 3274 1200 3318 censerent.

241 3330 316 3391 VIII,
328 3329 386 3379 112.
410 3332 452 3380 De
465 3331 549 3381 verbo
561 3328 700 3397 συμμῖξαι
712 3334 786 3382 coni.

240 3404 310 3449 nott.
329 3398 364 3448 sd
381 3398 460 3460 VIII,
477 3398 520 3448 58.
560 3400 592 3448 In
613 3399 707 3449 verbis
725 3415 786 3465 pro-

240 3467 312 3517 xime
334 3467 514 3531 sequentibus
529 3467 635 3517 Xerxes
657 3473 787 3532 tonqnsm
1006 3468 1074 3521 Cur.
1091 3471 1218 3523 vam.

241 3550 289 3584 rer
301 3530 447 3598 προΐζετο,
466 3537 484 3585 i.
499 3537 620 3586 eredens
637 3539 752 3586 altiorem
764 3551 787 3585 s.

237 3605 405 3668 praecipuum
416 3606 484 3667 oepit
502 3604 717 3669 praecaeteris,
740 3604 786 3668 qui
872 3598 902 3655 οί
922 3597 975 3670 μὲν
997 3598 1033 3673 δή
1051 3594 1132 3658 ἄλλοι
1150 3634 1184 3645 -
1201 3599 1394 3677 ἐξεφέροντο]

241 3671 344 3720 oiroum
357 3670 446 3736 ipsum
460 3668 566 3732 ἵζοντο,
585 3672 603 3720 i.
618 3688 641 3721 e.
655 3673 696 3722 itu
708 3671 786 3722 sede·
837 3673 879 3722 Ad
891 3673 1057 3725 locutionem
1067 3676 1139 3726 ooni.
1149 3676 1182 3739 V,
1194 3675 1227 3727 36
1235 3677 1303 3743 ibiq.
1315 3684 1395 3729 nott.

241 3743 303 3787 runt
315 3738 392 3787 ciros
404 3754 510 3803 regem,
522 3740 614 3803 prouti
626 3740 697 3790 huno
710 3740 787 3789 iuxta
837 3741 898 3791 Duo
917 3742 995 3794 codd.
1013 3741 1080 3792 dent
1095 3729 1194 3808 ώλλοι,
1218 3744 1268 3795 ulii
1285 3739 1319 3796 οῖ
1335 3739 1397 3813 μὲν

241 3820 334 3870 regem
350 3806 466 3855 sedendi
483 3805 571 3856 locum
588 3812 722 3873 tunquam
738 3807 785 3858 ho·
836 3797 928 3859 ἄλλοι.
963 3811 1005 3859 Το
1023 3811 1096 3860 coni.
1110 3812 1198 3862 Koeu.
1218 3812 1254 3863 sd
1268 3812 1395 3880 Greger.

240 3888 335 3922 norem
352 3874 450 3938 cuique
466 3874 602 3924 tribuerat
619 3891 679 3934 rex,
697 3891 718 3925 s.
733 3891 785 3940 quo
837 3876 900 3926 (lor.
918 3877 952 3927 de
970 3877 1083 3928 dialect.
1102 3880 1169 3930 Dor.
1187 3883 1211 3943 §-
1225 3880 1266 3930 12.
1283 3897 1310 3946 p.
1332 3882 1396 3934 199.

240 3939 302 3990 loeo
320 3944 348 3989 et
360 3956 415 4004 qus
427 3941 564 4007 dignitate
578 3943 675 3993 sedere
689 3959 706 3994 s
719 3959 784 4008 rege
835 3970 870 3981 -
881 3946 923 3995 De
933 3947 1073 3997 Artemisio
1085 3947 1140 3996 dixi
1151 3947 1186 3997 nd
1198 3949 1263 4009 VII,
1274 3948 1325 4011 tu,
1341 3951 1397 4000 ubi

239 4009 309 4058 inssi
322 4012 411 4061 erent.
835 4013 892 4062 ism
924 4014 1045 4065 excitavi
1074 4015 1398 4069 Pseudo-Plutarchum

273 4067 445 4135 ὁΣιδοένιος
456 4072 600 4143 βασιλεύς]
617 4079 720 4129 Vocem
734 4077 784 4144 βα·
837 4080 909 4143 (Vol.
925 4082 960 4131 II.
979 4098 1005 4147 p.
1023 4081 1112 4133 sues.
1131 4084 1201 4149 seq.)
1223 4085 1399 4137 Herodoten

239 4137 334 4202 οιλεύς
350 4142 412 4193 tolli
429 4145 489 4194 vult
501 4145 589 4195 Cobet
604 4145 783 4211 (Mnemosyn.
836 4149 972 4200 immerito
997 4150 1190 4214 cavillantem,
1215 4153 1249 4202 de
1273 4167 1335 4217 qun
1362 4172 1397 4205 re

238 4211 286 4261 IX.
300 4228 327 4277 p.
339 4209 400 4275 289)
419 4228 452 4262 oo
470 4228 503 4262 ex
520 4228 583 4275 usu,
608 4213 641 4263 de
660 4228 712 4279 quo
729 4217 784 4264 ium
836 4217 891 4265 vid.
916 4217 1083 4281 Lahmeyer:
1114 4220 1157 4268 De
1181 4220 1330 4270 Plutarchi
1357 4221 1399 4274 Ii-

240 4280 275 4328 od
294 4281 320 4342 1,
338 4281 353 4328 2
371 4279 436 4328 dixi.
480 4280 614 4345 Equidem
635 4287 665 4331 ut
687 4282 783 4332 nbeese
836 4283 918 4343 belli,
937 4287 982 4349 qui
1000 4285 1033 4335 de
1046 4286 1182 4352 malignit.
1196 4288 1335 4339 Herodot.
1351 4293 1401 4343 in·

239 4347 312 4398 beud
323 4346 394 4398 male
405 4362 619 4413 censeovooem,
632 4364 702 4414 quse
715 4365 783 4400 sone
836 4352 918 4402 scrib.
933 4359 986 4403 ete.
999 4368 1063 4419 pag.
1076 4353 1117 4405 73.
