2826 5132
270 400 330 459 nu
353 399 458 459 urm
479 400 537 458 nu
559 397 752 459 sonuum
772 395 1010 458 nunonem.
1148 379 1208 463 4'01

77 586 127 638 φος
139 562 310 637 inrepitete,
329 586 419 639 neque
434 569 569 637 Tzetses,
589 569 637 640 qui
652 568 787 640 Euripide
801 568 931 623 minorem
949 568 1017 622 iecit
1029 568 1208 623 Herodotum.

76 650 134 724 (Cf.
154 654 248 723 Poppo
268 653 398 722 Prolegg.
419 654 454 706 ad
468 654 624 721 Thucydid.
642 655 665 709 1.
688 672 717 724 p.
738 655 814 722 321).
846 654 891 707 Ex
904 654 1027 707 Eusebio
1042 660 1129 708 tamen
1147 672 1211 724 pro·

76 737 378 792 iectusAd.Schoellius
389 738 561 807 inPhilolog.
574 738 620 792 tx.
628 742 712 809 pull
726 757 786 810 seq.
798 738 932 792 Herodoti
944 739 1050 792 nautes
1062 740 1095 791 ad
1111 756 1212 792 anuum

75 827 123 877 489
141 828 206 876 ante
222 823 288 875 cur.
305 840 332 875 u.
351 823 428 876 reiici
441 823 515 891 vuit,
537 840 597 877 cum
611 824 786 890 Herodotus,
809 824 906 893 quiex
923 824 1040 877 Eusebii
1055 824 1212 877 testimonio

76 907 170 961 Xerxis
186 913 277 960 aetate
294 906 381 978 (circe
395 911 446 963 465
461 925 485 960 a.
503 907 570 962 Chr.
588 908 631 975 n.)
650 908 763 975 deruit,
785 915 841 962 tum
854 906 918 961 xlx
940 925 1028 961 unnos
1042 914 1149 962 tantum
1163 925 1212 961 na-

76 999 120 1045 tas
130 993 180 1045 iam
195 992 326 1045 floruisse
339 994 479 1063 putandus
495 993 541 1063 sit,
557 993 586 1046 in
601 993 687 1047 lucem
702 994 793 1047 editus
809 993 914 1046 scilicet
929 1012 945 1047 e
958 992 1115 1064 Pamphilae
1131 993 1211 1048 testi·

75 1078 160 1130 monio
174 1095 247 1130 anuo
261 1079 312 1131 484
328 1084 392 1131 ante
409 1077 476 1131 Chr.
493 1096 538 1131 n.:
559 1080 708 1149 quodcum
729 1078 814 1131 stetui
830 1078 876 1131 vix
891 1096 974 1147 posse
990 1079 1135 1145 existimet,
1150 1078 1210 1131 loco

75 1162 203 1217 5551484
223 1160 327 1215 meruit
350 1181 383 1216 ex
405 1163 564 1217 coniectura
583 1182 717 1234 reponere
736 1165 904 1218 5515551489
921 1168 983 1216 ante
1003 1163 1070 1216 Chr.
1093 1182 1139 1231 n.;
1156 1179 1212 1234 quo

75 1265 144 1300 anno
164 1254 256 1300 netum
278 1245 449 1300 Herodotum
469 1249 494 1301 si
514 1265 662 1318 ponamus,
686 1247 785 1318 viginti
799 1247 922 1319 quinque
938 1255 1012 1301 certe
1028 1265 1116 1301 annos
1136 1247 1212 1301 ilium

75 1332 201 1385 habuisse
217 1338 297 1402 putat
310 1331 473 1401 Schoellius,
488 1335 610 1404 cum(e1
623 1334 740 1387 Eusebii
751 1331 919 1406 testimonio)
941 1333 1043 1386 florere
1064 1333 1210 1403 inciperet.

74 1416 205 1486 Equidem
219 1416 335 1469 Eusebii
356 1416 458 1470 indicio
480 1417 570 1471 minus
588 1425 662 1471 certo
683 1425 786 1472 tentem
801 1418 856 1472 rim
869 1422 1027 1489 mutamque
1042 1418 1122 1473 fidem
1138 1417 1210 1470 haud

74 1501 203 1568 tribuam,
225 1507 256 1552 ut
270 1517 286 1553 a
301 1502 385 1555 certis
401 1501 515 1557 aliorum
529 1503 694 1573 scriptorum
710 1504 765 1556 fide
779 1502 923 1572 dignorum
945 1503 1126 1570 testimoniis,
1151 1501 1212 1574 qui·

74 1586 126 1638 hus
140 1585 310 1639 Herodotum
323 1604 396 1639 anno
413 1589 465 1641 484
480 1593 544 1642 unte
560 1587 624 1640 Csr.
640 1607 667 1641 n.
685 1594 778 1640 natum
793 1605 856 1641 esse
870 1594 995 1657 apparet,
1010 1588 1144 1641 recedam.

155 1670 248 1740 Ipsum
263 1688 360 1724 nomeu
375 1672 519 1743 scriptoris
537 1671 608 1725 omni
623 1672 794 1726 dubitatione
809 1678 943 1726 exemtum
957 1673 1086 1740 videtur,
1109 1672 1213 1743 quippe

73 1755 146 1828 quod
169 1756 199 1807 in
215 1755 339 1809 omnibus
355 1764 487 1826 quantum
512 1758 569 1810 scio
583 1756 662 1810 libris
687 1756 799 1827 scriptis
812 1757 938 1827 ipsisque
960 1757 1049 1810 nuruis
1057 1752 1085 1825 *)
1108 1756 1213 1828 pariter

73 1840 205 1909 scriptum
224 1840 365 1895 invenitur
378 1836 527 1911 Ἡρόδοτος
548 1842 674 1913 idemque
694 1842 775 1895 etium
798 1858 894 1895 nomeu
914 1840 976 1894 aliis
993 1842 1128 1895 Graeciae
1143 1841 1213 1894 viris

73 1923 205 1978 tribuitur
218 1942 250 1977 ac
264 1927 397 1996 probatur
411 1927 481 1980 alius
496 1927 638 1980 cuiusdam
654 1928 783 1982 Herodoti
797 1927 1047 1980 commemoratione
1061 1926 1138 1995 VIII,
1164 1929 1213 1981 132

75 2010 142 2062 haud
169 2010 341 2073 inconsulto,
373 2012 413 2064 uti
427 2012 553 2080 videtur,
570 2014 652 2066 iacta.
688 2012 729 2065 Ab
740 2005 830 2081 Ἥρας
855 2030 924 2065 voce
942 2011 1088 2065 deductum
1114 2027 1211 2064 nemen

74 2094 151 2148 docet
165 2094 347 2164 Etymologus
362 2096 510 2150 Gudianus
523 2115 551 2167 p.
567 2095 681 2166 248**),
707 2104 738 2151 ut
757 2115 826 2150 saue
843 2099 940 2152 iunoni
953 2101 1046 2152 dutum
1067 2115 1089 2152 s.
1107 2098 1212 2152 dedica·

73 2190 124 2234 tun
139 2177 289 2247 intelliges.
317 2181 414 2251 Itaque
429 2199 484 2235 non
500 2183 596 2236 mirum
611 2183 735 2236 crebrius
749 2182 801 2235 hoc
817 2200 913 2236 nomen
928 2182 1045 2252 reperiri
1059 2200 1110 2253 per
1124 2183 1212 2235 Grae-

72 2282 162 2318 corum
189 2264 306 2334 scripta,
328 2264 356 2317 in
383 2267 485 2338 quibus
507 2274 618 2338 praeter
635 2268 806 2321 Herodotum
835 2277 959 2321 nostrum
983 2268 1010 2320 hi
1031 2266 1213 2321 inveniuntur

72 2342 284 2416 fleodeu***):

132 2437 156 2489 1.
171 2433 203 2486 Is
215 2436 379 2505 Herodotus,
395 2435 474 2489 cuius
490 2437 568 2489 mede
584 2436 746 2490 mentionem
760 2436 884 2503 fecimus,
897 2435 1037 2489 Basilidas
1054 2434 1144 2505 filius,
1167 2435 1212 2487 lo-

198 2519 274 2587 uius,
290 2520 395 2592 dequo
411 2521 466 2573 vid.
483 2521 618 2574 Nostrum
632 2520 710 2588 VIII,
728 2525 787 2577 132.

138 2607 161 2656 2.
175 2606 327 2659 Herodotus
333 2605 532 2674 Clazomenius,
540 2604 737 2677 qui01ympiae
746 2606 820 2672 vicit,
827 2612 899 2659 teste
906 2604 1097 2673 PausanieVI,
1110 2608 1213 2670 17.§.2.

134 2690 158 2741 t.
171 2692 334 2758 Herodotus,
349 2690 504 2760 Asopodori
518 2690 602 2759 filius,
618 2707 698 2761 quem
712 2691 849 2744 Pindarus
865 2690 986 2744 celebret
999 2690 1119 2743 iathmm·
1135 2689 1159 2743 1.

131 2778 156 2826 4.
174 2777 337 2843 Herodotus,
353 2776 501 2829 Democriti
511 2777 608 2842 freter,
624 2783 697 2829 teste
711 2775 797 2828 Suida
812 2795 836 2829 s.
852 2794 879 2830 v.
891 2780 1015 2846 quoetp.
1031 2775 1066 2827 T.
1083 2775 1106 2827 Ι.
1122 2792 1151 2844 p.
1161 2777 1214 2828 542

199 2860 262 2915 5511.
283 2860 388 2914 Aelian.
412 2860 445 2913 V.
462 2861 498 2915 H.
514 2860 563 2928 IV,
585 2865 619 2914 20
640 2860 734 2931 ibique
748 2860 876 2914 Periaeu.
899 2878 927 2930 p.
943 2863 1005 2915 288.
1033 2859 1163 2913 Muilsch.
1179 2859 1214 2912 od

197 2945 349 2998 Democriti
363 2947 485 3014 fragmm
501 2962 565 3016 pag.
583 2948 618 3000 86
634 2964 715 3016 seqq.»

127 3034 155 3085 5.
173 3033 327 3085 Herodotus
341 3030 504 3098 statuarius,
521 3029 643 3098 Olyntho
659 3030 803 3096 oriundus,
816 3029 964 3084 Praxitelis
980 3032 1064 3083 ferme
1079 3028 1213 3100 aequalis,

197 3116 272 3185 apud
287 3115 399 3168 Tatian.
416 3115 526 3168 advers.
542 3115 642 3168 Graec.
662 3116 798 3183 Ι,111,54.
815 3115 897 3168 Cous.
913 3116 1027 3168 Brunnt
1048 3114 1213 3166 Geschichte

198 3200 227 3252 d.
246 3200 361 3253 Griech.
378 3199 489 3253 Kinstl.
502 3200 524 3253 1.
540 3219 566 3270 p.
581 3202 640 3258 391.

127 3289 156 3340 c.
173 3288 326 3340 Herodotus
347 3286 442 3339 mimus
463 3283 591 3337 Antiochi
610 3285 725 3338 secundi
746 3291 852 3352 aetate,
875 3284 909 3337 de
932 3302 986 3354 quo
1008 3283 1167 3337 Athenaeus
1190 3282 1212 3349 1,

197 3373 243 3425 34.
260 3389 287 3440 p.
306 3373 337 3425 19
353 3370 386 3422 G.
402 3389 430 3440 p.
446 3373 480 3423 72
494 3368 649 3439 Schweigh.
1027 3410 1035 3439 ,

125 3462 156 3511 7.
173 3455 336 3522 Herodotus,
359 3455 407 3525 qui
423 3454 589 3524 Cephaloedi
604 3455 645 3523 (iu
663 3453 768 3522 Sicilie)
788 3452 970 3506 secerdotium
984 3452 1062 3522 petit,
1078 3456 1150 3504 teste
1166 3451 1213 3504 ei-

197 3558 300 3595 cerone
312 3540 342 3593 iu
356 3539 437 3592 Verr.
455 3539 516 3592 Act.
530 3539 569 3606 Π,
585 3544 611 3603 2,
627 3542 668 3593 52.
684 3538 787 3611 9128.

131 3726 166 3793 ⁸)
184 3724 276 3776 Affart
286 3738 396 3774 numum
405 3721 682 3773 Halicarnassonsem
694 3719 827 3770 Antonini
839 3720 885 3769 Pii
897 3723 990 3770 aetate
1004 3734 1097 3769 cusum
1107 3718 1214 3770 Hamil-

61 3800 124 3846 ton:
140 3792 321 3845 Resesrches
337 3792 366 3841 in
377 3791 446 3842 Asia
463 3791 550 3841 minor
568 3789 670 3840 etc.11.
684 3804 710 3853 p.
723 3786 766 3851 85,
782 3787 876 3853 inquo
893 3802 975 3837 nume
987 3786 1116 3852 leguntur
1126 3786 1213 3837 haec:

62 3857 289 3915 HPOAOTOG
308 3856 637 3909 ΑΛΙΚΑΡΝΑΟΟΕΩΝ.
674 3857 706 3906 In
727 3855 840 3920 reliquis
856 3854 933 3905 urbis
956 3854 1213 3905 Halieumssseusis

60 3934 177 3990 nuruis,
214 3943 264 3979 uos
277 3926 358 3977 effert
370 3926 493 3977 Busche:
505 3928 600 3977 Lexic.
622 3925 675 3975 Rei
690 3924 768 3973 Num.
787 3922 824 3987 11,
837 3922 863 3971 2.
881 3939 906 3988 p.
919 3922 953 3974 53
965 3938 1050 3988 seqq,
1068 3921 1213 3988 plerosque

61 3997 129 4050 Illos
143 3945 259 4063 quidem
272 4011 305 4047 ex
323 3995 515 4060 imperatorum
527 3995 711 4045 Romanorum
728 3996 835 4055 catate,
853 3990 986 4041 Herodoti
999 4005 1099 4040 nomen
1116 3990 1214 4039 inscri-

60 4072 143 4132 ptum
160 4063 375 4117 uoninvonitur.
487 4120 501 4141 n
603 4119 610 4136 ἱ
862 4118 869 4137 1
1015 4118 1021 4137 ⁸
1077 4121 1089 4135 .
1113 4123 1126 4133 ·

131 4130 178 4197 ⁸⁸)
198 4125 254 4193 „rei
266 4124 322 4196 peip
334 4123 412 4193 παρὰ
424 4123 477 4196 τὴν
497 4129 583 4194 Hpeo
595 4120 723 4194 ouipoecu
736 4121 777 4186 aie
788 4132 822 4187 δξ
835 4126 962 4179 euthero
975 4123 1024 4177 δια
1037 4140 1088 4175 reu
1108 4139 1124 4175 o
1138 4121 1212 4188 λέγε-

61 4192 308 4267 refundentes.
326 4190 507 4262 Ἤροδικόςέ*
530 4197 597 4247 Add.
622 4197 743 4247 Cramer.
765 4195 888 4247 Auecdd.
907 4195 1014 4245 Oxonu.
1032 4180 1080 4243 111.
1103 4208 1130 4257 p.
1148 4190 1211 4241 350:

57 4258 224 4335 Ἡρόδοτος
236 4259 252 4319 ὁ
264 4267 299 4335 τῇ
308 4255 384 4334 ‘'pr
398 4258 489 4329 docuit,
502 4254 594 4329 ὄνομα
606 4258 706 4327 κύριον
718 4279 743 4313 κ.
757 4279 781 4313 τ.
795 4264 818 4316 1.

135 4336 194 4400 ”t
213 4337 294 4388 Cenf.
308 4331 587 4386 etiemFsbrie.Bibl.
601 4331 773 4383 (15555951.
787 4332 823 4383 11.
836 4347 862 4397 p.
874 4329 923 4382 947
937 4328 1063 4380 etHend.
1077 4328 1105 4378 iu
1114 4325 1210 4377 Erech.

62 4409 93 4454 et
106 4405 232 4455 Gruberi
241 4403 393 4469 Eucyclop.
407 4402 464 4454 Ser.
477 4402 512 4453 11.
525 4400 639 4453 VoLVI.
650 4418 676 4467 p.
689 4398 739 4452 394
752 4414 808 4463 seq.

118 4510 288 4552 Ennomon.
302 4508 346 4551 1v.
970 4484 1012 4547 26
