2932 5124
440 403 644 464 unaunt.
666 405 757 464 vrn.
782 387 841 467 rae.
1142 412 1204 471 sor

80 567 154 662 ὑπὲρ
167 574 203 642 dl
214 577 283 645 τῶν
299 563 536 664 nosmetipos·
550 577 671 662 ιεἐται,
691 578 833 665 Βέρμιον
848 573 986 664 οὔνομα,
1004 573 1127 664 ἄβατον
1139 573 1205 647 ὑπὸ

80 678 233 763 χειμῶνος.
273 678 435 745 ἐνθεῦτεν
453 676 491 744 δὲ
506 670 722 766 ὁρμεώμενοι,
757 671 802 758 ὦς
823 674 949 765 ταύτην
966 684 1077 767 ἔσχον,
1112 707 1205 749 κατε-

79 855 133 903 pag.
143 838 182 888 PL
197 840 229 889 fr.
242 839 287 902 74)
301 855 469 905 sexagenum
482 840 610 890 foliorum
660 839 870 891 Haliacmonem
887 843 956 891 situs
979 847 1007 893 et
1024 843 1132 907 quidem
1150 860 1204 894 non

81 922 144 957 rosae
158 909 185 956 in
198 910 306 971 campis
318 908 455 957 Emathiis
472 909 550 957 nasei
562 924 608 958 ca·
659 906 742 973 longe
759 909 794 956 ab
812 909 993 960 Haliacmone
1012 913 1046 960 ad
1064 913 1204 962 meridiem

80 976 124 1035 nit,
139 977 256 1040 itemque
274 975 347 1024 Plin.
365 976 401 1024 H.
414 976 446 1025 N.
459 976 524 1024 XXI
530 976 567 1037 ,4
585 991 608 1025 s.
659 976 872 1040 praeterfluente
890 984 918 1026 et
936 979 971 1027 ad
987 994 1116 1028 occasum
1129 980 1204 1029 urbis

82 1040 205 1101 lo.§.17.
244 1044 276 1092 ln
289 1043 429 1121 proximis
445 1043 552 1092 verbis:
577 1035 609 1093 ἓν
659 1045 1204 1106 Beroeaes.,utnuneretentolereno·

79 1102 186 1160 rodrocus
209 1106 261 1159 καὶ
282 1124 298 1159 ο
317 1105 442 1174 Σιληνὸς
462 1112 536 1160 τοῖσι
559 1106 608 1175 κή-
661 1111 732 1160 mine
741 1116 836 1161 vetere
846 1118 955 1175 vocant,
968 1115 1071 1177 Verrio,
1082 1115 1153 1163 unde
1164 1117 1205 1164 in·

79 1191 146 1233 ποιοι
159 1193 308 1243 pronomen
329 1178 572 1228 demonstrativum
591 1194 608 1227 a
660 1178 771 1229 ferioris
782 1180 966 1230 Macedoniae
983 1181 1114 1245 planities
1129 1197 1204 1233 mare

78 1259 119 1293 ano
129 1242 299 1295 substantivo
317 1244 424 1309 aliquot
437 1246 552 1295 vocibus
569 1247 610 1294 in·
661 1260 756 1295 versus
769 1247 933 1310 extenditur,
948 1251 1078 1315 exsurgit.
1101 1250 1162 1299 Vid.
1173 1250 1203 1299 C.

78 1312 189 1362 teriectis
205 1313 371 1362 distractum
385 1313 516 1363 observat
527 1313 609 1362 Plue-
661 1311 695 1361 0.
708 1314 825 1367 Mueller
836 1315 856 1364 l.
868 1314 886 1363 l.
899 1332 927 1381 p.
938 1313 962 1365 6.
974 1316 990 1364 7
1008 1317 1095 1381 etqui
1108 1318 1140 1366 de
1152 1318 1205 1367 Be-

79 1379 116 1443 gel
127 1379 255 1431 Observa.
274 1380 303 1429 in
320 1380 462 1430 Plutarch.
477 1380 608 1430 Phocion.
661 1396 727 1430 roea
740 1395 773 1430 ac
786 1383 898 1447 regione
909 1384 1004 1434 vicina
1015 1399 1103 1450 nuper
1113 1385 1204 1449 dispu-

77 1463 100 1510 p.
108 1446 130 1496 a.
142 1448 164 1509 7,
177 1448 224 1497 nbi
237 1448 293 1500 vid.
306 1447 395 1513 plura.
412 1448 513 1497 Maluit
525 1449 611 1498 verba
661 1454 754 1498 tarnat
764 1449 929 1515 Cousindry:
941 1451 1054 1518 Voyage
1066 1468 1101 1502 en
1110 1452 1203 1502 Maee-

78 1517 139 1565 τοῖσι
148 1509 262 1581 κήποισι
273 1515 490 1566 abiicereCohet
500 1517 527 1564 in
533 1516 609 1565 Mne-

78 1598 169 1645 nosyn.
181 1584 228 1633 lx,
247 1600 274 1649 p.
287 1582 338 1632 aad
350 1598 422 1649 seq.,
442 1599 494 1648 quo
513 1584 608 1633 eodem

79 1656 176 1701 anctore
189 1653 275 1701 etiam
292 1653 322 1700 in
334 1652 512 1715 sequentibus
524 1652 610 1701 verba

77 1709 231 1783 ὅςταὺτην
254 1714 339 1784 ἔσχον
362 1725 491 1783 tanquam
515 1719 610 1784 spuria

78 1792 130 1834 snut
140 1787 304 1848 reficienda,
324 1801 395 1850 qnae
411 1801 460 1836 nos
473 1801 535 1836 cum
547 1802 609 1836 cae·

19 1884 20 1889 =
76 1853 133 1902 teris
145 1854 203 1903 cdd.
217 1854 364 1904 retinenda
376 1854 509 1904 duximus.

104 1915 255 1987 Βέρμιον·
263 1912 374 1986 ἄβατον
387 1912 445 1971 ὑπὸ
457 1918 606 1987 χειμῶνος]

19 2028 21 2061 ἱ
76 1988 184 2039 licerius
208 1990 267 2055 legi
295 1987 395 2038 maluit
423 1983 480 2039 ὑπὸ
503 1984 608 2054 χιόνος.

19 2070 21 2089 =
77 2055 126 2116 Quo
138 2063 212 2107 ecrte
225 2057 300 2107 haud
313 2072 389 2122 opus.
424 2057 608 2107 Nemintelli·

19 2160 20 2165 .
76 2125 140 2186 gitur
156 2141 226 2175 nour
242 2128 388 2175 inaccessio
407 2131 518 2188 propter
540 2129 609 2174 ocris

75 2193 242 2257 intemperiem.
279 2192 357 2242 Conl.
376 2193 427 2251 IV,
448 2192 490 2241 62.
526 2191 609 2241 Valla

75 2259 233 2310 reddiderat:
258 2277 310 2324 per
331 2261 433 2309 Mentem
455 2264 607 2322 inaccessus,

661 1516 723 1565 don.
735 1518 756 1566 1.
768 1533 829 1582 cap.
840 1518 856 1568 3
869 1534 902 1567 ac
914 1519 1083 1583 potissimum
1092 1519 1202 1569 Lealre:

660 1583 776 1635 'Pravels
793 1586 822 1634 in
834 1586 929 1635 North.
944 1586 1049 1637 Greece
1066 1588 1087 1640 1.
1103 1603 1130 1652 p.
1144 1587 1202 1637 305.

661 1651 712 1700 111.
726 1668 753 1716 p.
766 1650 816 1702 290
828 1669 916 1718 seqq.‚
936 1655 982 1737 pul
995 1656 1053 1719 ipse
1065 1656 1203 1704 Bermium

660 1729 793 1781 montem,
824 1736 903 1784 quem
930 1719 1041 1787 αβοιτον
1067 1714 1124 1772 ὑπὸ
1148 1736 1204 1787 χει-

659 1784 753 1851 μῶνος
765 1787 865 1837 Noster
882 1788 962 1848 dixit,
982 1790 1108 1839 aseendit
1124 1796 1152 1838 et
1170 1789 1205 1838 ad

660 1869 792 1903 summum
803 1856 861 1905 eius
872 1872 1004 1906 cacumen
1014 1858 1148 1922 pervenit,
1160 1857 1205 1906 eui

659 1935 732 1970 nunc
748 1937 848 1972 nomen
861 1924 956 1975 Dloaeo'
971 1924 1017 1973 vel
1034 1924 1204 1987 frequentius

660 1987 845 2049 Xerolioodto‚
871 2008 888 2040 a
911 1994 974 2042 vico
999 1992 1130 2056 quodam,
1157 1992 1204 2056 qui

660 2071 714 2105 non
731 2056 813 2122 longe
830 2063 949 2110 remotus
965 2060 1029 2109 inde
1041 2058 1108 2109 olim
1120 2059 1203 2107 exsti-

659 2124 727 2173 tisse
745 2125 831 2175 fertur
848 2127 913 2190 (vid.
929 2144 956 2193 p.
969 2125 1040 2191 297).
1076 2127 1135 2175 lam
1148 2127 1203 2176 He-

659 2191 783 2241 rodotum
793 2194 816 2241 si
825 2194 1034 2259 sequimur(vid.
1043 2194 1073 2243 C.
1081 2193 1113 2244 0.
1121 2193 1206 2243 Muel-

660 2257 701 2307 ler
718 2258 735 2308 l.
748 2259 765 2308 l.
779 2276 806 2324 p.
819 2261 861 2310 24.
871 2263 912 2311 25.
926 2261 1022 2311 Leake
1035 2262 1053 2311 l.
1063 2261 1083 2310 l.
1093 2278 1120 2326 p.
1131 2261 1201 2324 447),

76 2341 142 2388 qoem
159 2334 274 2378 secutus
286 2328 441 2377 Lareherus
458 2329 553 2377 vertit:
571 2329 608 2376 in·
659 2327 734 2375 circa
758 2327 831 2376 hanc
854 2330 989 2379 Beroeam
1012 2330 1089 2378 suere
1111 2329 1203 2377 Midae

19 2428 20 2463 ,
75 2396 198 2445 messore
215 2397 339 2446 codicem
369 2396 492 2460 Longius
508 2410 606 2445 verna·
658 2392 731 2442 horti
755 2395 784 2442 in
808 2401 899 2444 monte
920 2396 1028 2445 Bermio
1052 2397 1127 2447 intra
1150 2397 1204 2458 Ly-

75 2462 139 2511 cale:
161 2466 211 2513 der
232 2463 314 2513 Ko'lte
334 2478 427 2528 aspen.
468 2463 509 2512 Ad
530 2477 608 2512 usum
660 2461 733 2510 diam
744 2466 826 2526 atque
836 2462 1056 2525 Haliacmonem,
1070 2465 1099 2512 in
1109 2478 1143 2512 ea
1153 2464 1204 2526 igi·

75 2531 278 2596 praepositionis
300 2522 358 2581 aad
387 2532 415 2579 in
438 2529 542 2580 talibus
566 2530 608 2579 fa·
658 2532 704 2577 tur
719 2530 897 2589 Macedonia,
923 2546 994 2595 quae
1017 2531 1130 2594 propria
1152 2530 1205 2578 tuit

74 2597 147 2659 ciunt,
160 2598 427 2664 quaeadPlntarch.
438 2597 607 2662 Philopoem.
660 2611 693 2645 ac
711 2596 863 2661 primitiva,
889 2597 923 2647 de
942 2613 996 2662 qua
1013 2597 1070 2647 dixi
1088 2598 1123 2647 ad
1140 2597 1201 2658 Vll,

73 2679 96 2727 p.
106 2664 137 2715 tu
147 2666 239 2716 attuli.
275 2667 313 2715 Et
330 2666 404 2715 coni.
418 2667 506 2730 ipsum
520 2666 604 2715 Hero·
661 2662 718 2713 127.
741 2663 830 2713 Aliter
841 2665 874 2714 de
887 2666 930 2715 his
942 2666 1041 2716 statuit
1051 2664 1120 2715 Abel
1134 2664 1203 2725 (Ma-

74 2731 154 2782 doturn
170 2735 225 2795 IV,
245 2733 270 2782 7.
288 2734 326 2794 V,
345 2732 383 2782 10.
424 2736 482 2793 hic,
508 2734 607 2783 uthce
658 2730 757 2781 kadon.
775 2748 825 2782 vor
841 2733 933 2799 Kiinig
950 2732 1059 2798 Philipp
1075 2748 1139 2798 pag.
1156 2730 1204 2780 110

74 2812 143 2873 unum
160 2802 275 2863 addam,
297 2800 438 2850 Plutarch.
456 2800 556 2850 Pericl.
575 2799 608 2851 16
658 2800 760 2864 seqq.),
774 2801 818 2863 qni
832 2808 928 2850 eontra
940 2800 1075 2850 Herodoti
1088 2806 1116 2849 et
1128 2800 1203 2849 Stra·

73 2860 206 2927 sedlerter
227 2860 286 2919 tut
306 2861 465 2933 χρημάτων.
499 2859 607 2933 ἄβατος
659 2867 738 2916 bonis
750 2868 908 2918 testimonia
917 2868 1009 2918 Midae
1021 2868 1115 2919 hortos
1128 2869 1156 2917 in
1169 2882 1204 2917 ea

74 2932 135 2984 hand
146 2937 230 2986 aliter
241 2938 272 2985 in
282 2937 354 2985 Plnt.
364 2938 440 2985 Arat.
451 2935 522 2985 ofin.
535 2938 606 2987 Mar.
658 2936 770 2999 regione
788 2936 907 3000 quaerit,
927 2951 997 3001 quae
1014 2935 1096 3001 paulo
1114 2936 1203 3001 magis

74 3000 101 3049 aa
110 3002 151 3053 lin
164 3003 244 3068 Sylla
255 3004 290 3052 22
302 3004 362 3066 fin,
382 3004 430 3053 ubi
440 2996 499 3054 ὑπὸ
511 3005 607 3054 eodem
656 3004 870 3068 septentrionem
880 3019 974 3054 versus
983 3006 1039 3055 sita
1049 3006 1204 3054 intromon-

74 3071 140 3121 nodo
156 3073 277 3122 additur.
313 3060 401 3135 οὔρεα
422 3061 517 3135 ἄβατα
538 3073 608 3121 dixit
658 3070 1201 3136 tes'PurlaetNitje,utnuncvooantur,

73 3136 216 3190 Herodotus
229 3140 277 3203 IV,
290 3140 332 3189 25.
350 3140 477 3189 Bermium
489 3144 606 3189 montem
659 3138 694 3186 ad
714 3139 820 3201 Lydiae
841 3140 916 3189 fluvii
939 3140 1014 3207 ripas
1037 3140 1201 3206 extenditur,

75 3201 116 3263 (sd
141 3202 267 3272 Βέρμιον
295 3197 379 3272 ὄρος)
414 3212 608 3257 commemorat
658 3204 704 3253 ubi
722 3221 793 3255 nune
811 3212 854 3256 est
869 3208 934 3257 urbs
951 3209 1075 3259 Vodhrna
1092 3212 1121 3257 et
1136 3208 1202 3258 olim

74 3272 159 3325 Strabo
171 3276 232 3325 vn.
245 3276 271 3336 ξ,
285 3275 327 3325 25.
346 3275 476 3340 additque
492 3275 607 3341 Brygos,
660 3273 713 3322 suit
731 3273 1013 3340 decretalemque),
1032 3291 1112 3340 quam
1131 3277 1202 3325 anti-

73 3338 197 3392 l'hrscnm
215 3348 343 3409 gentem,
363 3343 428 3391 olim
447 3344 516 3392 hune
533 3359 607 3393 mon·
660 3341 1201 3403 quissimamMacedonumsedemfuisse

73 3412 117 3456 tem
128 3412 293 3472 obtinuisse,
306 3409 378 3459 ande
388 3410 434 3474 qui
443 3411 609 3475 transgressi
659 3410 760 3471 ferunt,
773 3399 870 3459 ἑστίαν
879 3407 1140 3475 τῆςΜακεδονικῆς
1151 3408 1202 3474 βοι-

73 3474 96 3523 in
109 3478 199 3528 Asiam
218 3480 291 3539 sint,
312 3477 434 3542 Phryges
453 3480 608 3528 nominatos
659 3475 767 3535 οιλοίας
784 3477 907 3542 appellat
918 3479 1055 3528 Diodorus
1067 3478 1158 3538 XXII,
1176 3479 1200 3538 ξ.

73 3547 248 3610 essetquibus
259 3545 607 3603 verbisindieeteamre-
658 3544 1018 3607 230011.1usun.v11,t.
1057 3544 1202 3609 'Praeterit

73 3610 182 3677 ponem,
195 3614 245 3663 ubi
258 3612 305 3662 hic
318 3628 395 3662 mons
407 3614 559 3675 invenitur,
573 3613 608 3663 ad
658 3611 729 3662 hacc
742 3628 847 3677 quoque
858 3612 1082 3663 Delacoulonohe
1095 3614 1136 3662 in:
1149 3613 1202 3662 Re-

73 3680 272 3744 antiqnissimas
299 3680 481 3730 Macedoniae
514 3686 608 3746 partes
659 3695 711 3729 vae
729 3680 777 3729 des
794 3678 914 3730 socidte's
931 3686 1044 3731 savants
1061 3681 1092 3730 V.
1112 3697 1139 3745 p.
1152 3681 1203 3730 718

74 3760 162 3811 easque
179 3749 247 3799 olim
265 3748 386 3798 incultas
399 3749 552 3813 pertinere:
573 3750 608 3799 ad
659 3747 756 3809 423,
780 3748 918 3813 duplicem
936 3748 1039 3798 famam
1057 3749 1085 3796 in
1102 3748 1145 3798 his
1162 3749 1201 3797 di-

73 3825 130 3875 qaas
141 3817 255 3865 casdem
267 3816 372 3865 Midam
389 3830 495 3880 quoque
508 3816 607 3867 Strabo
658 3816 809 3880 elinguens,
817 3817 907 3881 magis
917 3821 1008 3865 tamen
1018 3815 1156 3865 inclinans
1167 3816 1202 3865 ad

73 3881 146 3932 refert
157 3884 234 3933 XIV.
246 3900 273 3948 p.
286 3880 351 3945 660,
370 3884 497 3933 Beroeam
515 3888 607 3933 autem
658 3898 720 3932 eam
743 3883 914 3947 opinionem,
937 3899 1018 3947 quam
1040 3883 1074 3931 de
1095 3883 1202 3932 Edessa

74 3946 220 4016 admontis
245 3950 327 4000 huius
348 3951 456 4001 radices
479 3943 522 4013 (ἐν
543 3953 607 4010 ταῖς
658 3951 775 4014 protulit
787 3950 857 3999 Abel
872 3951 951 4001 modo
969 3952 1132 4016 expositam
1156 3953 1202 3999 oui

72 4017 231 4081 πορείαις)
248 4020 332 4068 sitam
345 4018 417 4067 idern
430 4018 534 4083 profert
545 4019 607 4069 Vll.
661 4032 788 4068 assensus
811 4033 917 4083 quoque
938 4019 1053 4069 Kortiim
1072 4018 1200 4082 (Griech.

72 4084 92 4142 4.
107 4083 145 4133 so.
183 4088 286 4151 ltaque
306 4086 421 4135 Bormiae
441 4101 530 4149 mons,
556 4102 607 4151 quo
660 4084 759 4135 Geseh.
773 4087 810 4135 11.
823 4101 849 4150 p.
865 4085 912 4135 158
924 4085 993 4149 not.)
1005 4085 1076 4135 haee
1089 4087 1122 4134 de
1135 4086 1201 4135 Ber-

72 4158 179 4203 nonum
203 4154 321 4203 Bomrcm
350 4152 389 4215 (in
418 4169 469 4218 quo
497 4156 607 4205 nomine
659 4153 713 4204 mio
729 4154 875 4218 Midaeqne
892 4153 979 4204 hortis
995 4153 1107 4213 adiicit,
1131 4169 1201 4217 quae

72 4219 177 4270 eandem
191 4222 308 4271 subesse
324 4221 447 4270 radicem
459 4220 519 4272 vult
531 4222 560 4273 O.
575 4222 607 4272 0.
657 4220 745 4285 ipsius
758 4221 854 4271 verbis
870 4222 1072 4271 transscribere
1092 4220 1199 4285 placet:

70 4283 189 4337 Mueller:
208 4289 305 4338 Uebcr
320 4287 347 4336 d.
359 4287 470 4339 Maked.
486 4304 550 4355 pag.
563 4288 607 4354 62)
659 4289 748 4351 „Hier
767 4288 860 4338 haben
881 4289 931 4337 wir
948 4288 1007 4338 also
1026 4287 1075 4337 das
1098 4289 1201 4339 Worraa

72 4355 218 4405 continuari
234 4357 343 4418 dicunt,
361 4356 435 4405 inter
446 4356 562 4420 Lydiam
579 4362 608 4406 et
658 4356 899 4423 (Borbetomagus,
913 4358 939 4410 d.
949 4359 968 4407 i.
979 4355 1122 4407 Siedfeld'?
1134 4356 1199 4411 Kel-
