2826 5132
239 377 294 436 DE
318 377 422 437 VITA
443 377 501 436 ΕΤ
524 376 716 437 SCRIPTIS
739 375 971 437 HERODOTI.
1112 382 1170 443 421

60 549 200 618 quibusdam
224 548 338 602 serioris
363 548 462 602 aetatis
484 547 668 618 scriptoribus
676 544 706 615 *)
736 549 852 604 Thuriae
879 554 1008 616 vocatur,
1029 566 1062 602 ac
1085 550 1111 601 si
1125 567 1172 602 na-

59 634 110 686 talie
122 633 159 685 hic
181 641 254 687 esset
274 633 351 685 locus
372 650 492 703 vereque
514 632 631 703 patrius,
657 640 686 685 et
705 633 814 686 Plinius
834 634 909 686 Hist.
932 633 998 687 Nat.
1013 634 1078 702 ΧΠ,
1096 641 1113 687 4
1128 636 1173 705 (8)

59 718 205 771 Herodotum
218 718 333 771 Thuriis
355 719 382 771 iu
398 718 479 771 Italia
494 717 634 770 historiam
645 718 802 771 condidisse
821 717 932 786 scribit3
957 719 1078 788 indeque
1093 720 1173 772 etiam

60 803 116 855 haud
129 803 181 856 scio
195 820 230 855 an
246 802 435 873 explicandum
453 802 500 870 sit,
517 802 591 872 qnod
605 801 669 855 belli
680 802 917 873 Peloponnesiaci,
934 804 1008 874 quod
1023 803 1069 856 illa
1083 812 1173 857 aetate

60 904 122 956 quan
144 888 251 942 maxime
277 888 377 940 saeviit
403 894 559 957 tantamque
575 887 709 940 Graeciae
728 889 812 941 rebus
839 889 1047 941 conversionem
1071 888 1172 955 attulit,

61 973 129 1025 rarior
151 973 177 1025 in
201 972 292 1026 Musis
313 972 479 1026 Herodoteis
505 970 604 1024 mentio
620 972 683 1038 liat,
699 973 860 1041 praesertim
873 990 932 1026 cum
947 973 1107 1026 Herodotus
1122 991 1172 1043 pro

60 1057 132 1125 operis
146 1057 188 1109 sui
201 1056 332 1122 consilio,
357 1073 412 1128 quo
428 1058 595 1110 Graecorum
620 1074 667 1109 res
682 1056 821 1111 illustrare
843 1075 875 1109 ac
888 1058 1027 1111 celebrare
1046 1058 1172 1125 debebat,

59 1141 93 1193 vir
105 1142 222 1195 lubenter
236 1141 318 1194 huius
333 1142 399 1194 belli
415 1141 582 1195 calamitates
597 1141 735 1210 attigerit:
758 1142 792 1195 de
815 1160 870 1212 qua
885 1142 984 1196 rediri
1000 1143 1043 1195 in:
1057 1144 1171 1196 Jahrbb.

58 1227 73 1277 l.
88 1225 208 1295 Philolog.
234 1225 296 1279 Vol.
318 1226 393 1280 LVI.
417 1245 444 1296 p.
470 1231 561 1296 ¹lseq.
579 1227 685 1281 morta
701 1234 835 1280 mortuum
853 1228 937 1297 inque
958 1228 1018 1279 loro
1036 1228 1173 1297 sepultum

57 1328 106 1363 csse
123 1311 288 1365 Herodotum
313 1311 398 1364 tradit
411 1311 513 1379 suidas
538 1308 597 1364 loco
613 1328 698 1382 supra
720 1311 818 1364 allator
843 1312 939 1364 tumuli
964 1311 1173 1382 inscriptionem

57 1394 138 1447 tauma
155 1398 276 1450 offerunt
294 1396 453 1466 Stephanus
474 1395 591 1463 Byzant.
611 1414 635 1449 s.
651 1414 678 1449 v.
694 1390 815 1465 Θούριος
837 1404 864 1448 et
879 1396 1073 1466 Aristophanis
1087 1398 1172 1451 Scho-

57 1478 120 1532 liasta
131 1481 161 1534 ad
175 1482 269 1535 Nuhh.
287 1483 333 1536 331
353 1480 429 1553 (coll.
447 1480 567 1534 Bruuclt.
581 1480 716 1534 Analectt.
732 1481 793 1534 Vol.
811 1481 861 1534 ΙΙΙ.
877 1500 905 1551 p.
921 1483 981 1535 233.
994 1482 1081 1552 epigr.
1096 1484 1172 1550 533),

56 1564 151 1635 itemque
175 1584 264 1637 nuper
281 1566 373 1620 aditus
388 1566 509 1619 Tsetaae
530 1564 685 1618 Scholiasta
709 1566 736 1618 in
760 1566 883 1618 Crameri
898 1565 1043 1619 Anecdott.
1060 1567 1171 1620 Oxouu.

57 1647 97 1701 lll.
108 1668 131 1720 p.
148 1654 197 1706 atu
212 1657 240 1704 et
256 1651 286 1703 in
301 1651 423 1704 Tretaae
436 1651 527 1720 Epist.
544 1651 587 1704 ed.
606 1650 775 1705 aPresselio
792 1668 856 1721 pag.
874 1653 924 1705 ut:

177 1771 336 1845 Ἡρόδοτον
354 1773 451 1844 Λύξου
469 1773 588 1844 κρύπτοι
606 1773 687 1840 κόνις
703 1770 758 1848 ἥδε
776 1772 918 1843 θανόντα,

243 1841 338 1909 Ἰοἱδος
354 1839 477 1915 α’ρχαίης
495 1843 622 1929 όοτορίης
638 1845 810 1928 πρύτανιν,
865 1906 878 1926 ¹

180 1912 316 1983 Δωριέων
332 1909 443 1985 aeirem
460 1909 611 1983 βλαστοντ’
628 1910 697 1981 ἄπο,
716 1916 772 1969 τῶν
789 1908 839 1981 αρ’
857 1917 986 1984 αιιλητον

246 1985 362 2053 Μῶμον
377 1977 610 2052 ύιτεκτιροφυγύν
628 1981 754 2050 Θούριον
773 1979 836 2050 ἔσχε
854 1977 975 2051 πάτρην.

60 2106 119 2167 Quod
125 2107 301 2162 Marcellinus
316 2109 344 2161 iu
354 2106 410 2160 Vit.
422 2108 550 2185 Thucyd,
567 2112 592 2172 S.
610 2107 698 2176 18**)
712 2110 819 2163 Athonis
830 2109 965 2161 Herodoti
977 2116 1105 2161 memorat
1126 2128 1170 2162 se-

59 2191 169 2263 pulcrum,
189 2194 216 2247 id
237 2194 262 2246 si
285 2210 378 2246 verum
399 2199 443 2246 est
463 2210 553 2263 neque
572 2195 701 2248 Herodoti
714 2210 827 2261 nomen,
844 2194 883 2245 uti
900 2192 1041 2245 contendit
1055 2193 1170 2246 Viscon-

59 2275 108 2341 tius,
127 2279 186 2331 nale
211 2279 266 2331 hnc
280 2278 403 2348 irrepsit,
429 2296 490 2331 cum
505 2278 647 2345 Fabricio,
670 2277 865 2345 Wesselingio,
890 2278 1038 2343 Larchero,
1054 2277 1169 2347 Heysio‚

60 2360 154 2431 quiipse
167 2363 325 2416 accuratius
346 2362 373 2415 in
395 2363 462 2416 haec
480 2362 628 2434 inquisivit
641 2381 669 2433 p.
687 2365 731 2416 80.
747 2365 790 2429 81,
809 2362 1015 2430 intelligendum
1032 2363 1066 2414 de
1089 2381 1170 2416 ceno-

62 2444 136 2513 taphio,
150 2448 219 2518 quod
234 2449 298 2501 viro
313 2447 348 2500 de
363 2449 434 2500 omni
449 2447 567 2500 Graecia
581 2464 613 2500 ac
627 2446 786 2516 singillatim
802 2447 836 2499 de
851 2446 1083 2515 Atheniensibus,
1099 2465 1169 2518 quos

66 2529 126 2580 mus
140 2531 262 2586 laudibus
285 2534 475 2600 exornaverit,
499 2532 670 2586 meritissimo
687 2531 872 2585 Athenienses
893 2531 1002 2602 publice
1014 2532 1169 2601 posuerint.

68 2609 126 2672 Qltd
136 2633 191 2671 vero
208 2621 299 2673 Pellae
313 2618 341 2670 iu
357 2617 518 2670 Macedonia
530 2617 699 2670 Herodotum
714 2617 817 2670 obiisse
832 2616 879 2669 alii
894 2616 1082 2686 perhibebant,
1098 2624 1170 2670 teste

69 2692 148 2752 duihl.
161 2702 188 2769 l.,
203 2704 242 2769 id,
259 2702 315 2755 nisi
330 2719 447 2772 prorsus
462 2704 607 2755 confictum
625 2720 688 2754 esse
702 2710 839 2772 putemus,
858 2720 913 2754 non
930 2701 983 2754 nisi
999 2702 1049 2753 hac
1064 2702 1171 2754 ratione

69 2781 170 2846 probabile
185 2788 262 2841 reddi
275 2788 393 2855 poterit,
415 2794 446 2838 ut
460 2786 630 2840 Herodotum
652 2787 803 2855 cogitemus
830 2786 864 2839 ad
880 2785 1053 2853 Archelaum,
1078 2787 1169 2839 Mace-

67 2862 135 2921 doniae
148 2890 249 2941 regem,
276 2888 355 2941 quem
376 2873 472 2924 doctos
496 2872 620 2925 homines
638 2872 753 2924 Athenis
775 2871 808 2923 ad
826 2889 857 2925 se
875 2871 1010 2924 invitasse
1033 2872 1168 2937 novimus,

66 2954 111 3002 tune
120 2959 239 3026 temporis
255 2958 425 3028 proiectum,
446 2957 510 3009 fatis
535 2957 627 3009 subito
644 2958 784 3026 abreptum
801 2956 905 3008 luisse:
926 2964 1009 3027 atque
1029 2957 1070 3009 sic
1091 2957 1169 3009 etium

64 3042 156 3093 statuere
169 3042 293 3095 videmus
312 3059 360 3094 eos
372 3042 448 3094 viros
463 3042 568 3107 doctos,
591 3041 639 3111 qui
654 3041 823 3094 Herodotum
838 3058 930 3093 senem
947 3059 1020 3093 anno
1038 3045 1090 3095 412
1105 3046 1169 3094 ante
1248 3094 1250 3099 ,

62 3115 110 3172 (br.
123 3126 267 3180 nThuriis
285 3127 434 3195 profectum
453 3126 543 3180 denuo
560 3126 682 3179 Athenas
697 3126 811 3195 petiisse
826 3124 946 3194 indeque
961 3127 994 3178 ud
1010 3125 1169 3179 Archelaum

61 3204 105 3271 (uti
126 3226 189 3264 anno
214 3210 393 3264 antecedente
419 3228 468 3264 rex
494 3219 554 3264 erat
569 3211 674 3277 factus)
696 3229 727 3264 se
743 3208 894 3263 contulisse
916 3210 1027 3262 volunt:
1054 3227 1168 3282 quorum

63 3288 156 3354 tpinioni
175 3302 326 3367 temporum
340 3295 463 3349 rationes
481 3296 606 3363 obstare,
629 3313 700 3367 quae
714 3296 882 3349 Herodotum
899 3294 944 3346 illo
961 3313 1032 3347 unno
1051 3295 1078 3347 in
1097 3295 1168 3347 vivis

64 3417 229 3437 κὴ.-

108 3486 190 3608 ⁸3'Sic
202 3495 301 3547 Strabo
319 3495 391 3546 XIV.
410 3496 435 3545 2.
454 3511 481 3560 p.
499 3492 551 3545 656
571 3510 593 3545 s.
611 3492 662 3545 970
684 3494 717 3543 A.
731 3486 886 3555 Ἡρόδοτος
903 3482 937 3542 ὃν
958 3481 1078 3553 ύοτερον
1093 3486 1167 3542 Θού-

62 3567 108 3608 ⁰¹⁰²
149 3553 258 3615 α’λευαν.
289 3562 356 3613 Add.
372 3562 473 3612 Iuliani
485 3564 573 3627 Epist.
586 3562 620 3611 22
632 3562 692 3612 init.
705 3561 801 3611 Avieu.
815 3577 854 3610 or.
867 3560 958 3610 merit.
970 3558 1013 3609 49.
1026 3559 1167 3613 Plutarch.

61 3618 205 3699 Damalign.
223 3630 326 3682 Herod.
351 3629 384 3682 35
407 3631 467 3680 init.
503 3632 545 3680 De
565 3629 663 3680 cnsilio
682 3646 743 3695 cap.
771 3627 800 3679 13
818 3628 864 3678 lin.
899 3627 1168 3693 PluraWesseling.

62 3685 116 3743 ⁰18⁸.
131 3695 225 3753 Herod.
243 3716 270 3765 p.
289 3697 314 3760 9,
334 3699 428 3761 Heyse
445 3697 464 3748 l.
482 3698 502 3750 l.
521 3715 546 3764 p.
566 3696 600 3747 70
616 3713 702 3762 seqq..
721 3697 812 3746 Hand.
832 3695 849 3745 l.
869 3695 887 3745 l.
908 3713 932 3761 p.
951 3694 1009 3745 384.

159 3765 244 3817 Locus
256 3767 297 3817 sic
309 3782 339 3817 se
352 3767 449 3817 habet:
469 3758 539 3831 πρὸς
557 3758 611 3831 γὰρ
629 3767 693 3822 ταῖς
705 3762 837 3817 Μελιτίοι
856 3755 959 3821 πύλαις
977 3758 1168 3827 καλουμέναις

62 3810 119 3899 ἶλξῖν
146 3832 258 3901 νΚοίλῃ
275 3827 310 3884 τό
328 3826 492 3898 καλούμενα
509 3825 639 3898 Κιμύνια
656 3828 800 3898 μνήματα,
821 3825 895 3882 ἔνθα
909 3830 1057 3882 δείκνυται
1071 3825 1167 3894 Ἡρο-

62 3886 143 3946 θῦτοα
158 3896 203 3951 καὶ
214 3899 398 3953 Θουκυδίδου
415 3893 516 3965 τύφος,
535 3902 583 3951 uhi
596 3901 754 3951 Viscontius
773 3900 965 3964 (Iconograph.
986 3900 1085 3964 Grecq.
1105 3900 1126 3951 Ι.
1141 3917 1166 3966 p.

61 3953 235 4020 illinendum
252 3970 397 4036 suspicans
414 3985 510 4019 vocem
523 3959 681 4032 Ἡροδότου
704 3984 719 4018 e
738 3973 813 4018 textu
831 3967 892 4018 tolli
909 3967 976 4029 vult,
995 3968 1024 4016 in
1037 3959 1168 4032 Ἡρώδου

62 4031 140 4079 mutari
151 4033 221 4087 iuhet
237 4037 340 4089 Cora'es
359 4038 394 4087 ad
411 4037 554 4087 Plutarchi
566 4036 671 4087 Cimon.
690 4038 718 4085 l:
739 4036 809 4101 quod
827 4035 899 4085 idem
918 4034 1077 4095 Schaolero,
1096 4036 1166 4085 Krii·

62 4106 119 4158 ltffl,
136 4099 192 4152 aliis
209 4104 321 4170 placuit.
358 4106 461 4157 Contra
479 4105 590 4171 Sauppe
609 4105 648 4166 (in
664 4106 739 4157 Actt.
757 4104 900 4156 societatis
919 4104 1020 4153 Graec.
1038 4102 1074 4153 11.
1094 4103 1119 4154 2.
1138 4119 1165 4167 p.

62 4157 108 4224 430)
122 4169 216 4221 mavult
233 4163 361 4236 Ὀλόρου,
387 4173 456 4239 quod
479 4173 585 4238 recepit
602 4174 801 4253 Wastefmann.
825 4172 893 4221 Vitt.
919 4171 1034 4251 Graeco.
1058 4171 1164 4235 scriptt.

63 4238 117 4376 lii
129 4232 233 4365 iiiii
250 4242 412 4375 titt?
428 4238 876 4369 litttlrlltlttttltlll?
890 4236 1165 4371 iipil¹¹il⁰inl1⁰iss

63 4360 117 4413 ”stul
130 4367 155 4419 iu
170 4372 321 4427 Marcellini
337 4377 429 4428 verbis
447 4376 605 4426 mutandum
624 4379 796 4428 censuerunt.
