2952 5156
217 412 282 473 tot

649 364 918 460 annonari

217 585 300 667 dea,
325 581 505 648 Λεωνίδεω
525 575 562 645 δὲ
579 570 750 662 ἀδελφεός.
805 568 945 660 ἱζόμενοι
970 570 1007 639 δὲ
1032 573 1069 640 έν
1091 570 1139 662 τῷ
1158 565 1281 662 Ἰσθμῷ
1302 571 1356 639 καὶ

216 677 448 769 συγχώσαντες
465 674 526 765 τὴν
543 680 738 765 Σκιρωνίδα
754 669 852 760 δδόν,
879 668 961 762 μετὰ
977 674 1091 759 τοῦτο,
1115 667 1160 752 ὥς
1182 693 1242 760 σφι
1261 676 1403 755 ἔδοξεσίω

216 783 504 870 βουλευομένοισι,
531 776 726 867 οἰκοδόμεον
750 773 804 845 διδ
827 778 887 844 τοῦ
908 770 1045 864 Ἰσθμοῦ
1069 789 1184 863 τεῖχος.
1238 770 1294 842 ἅτε
1321 774 1364 867 δὲ,

218 886 362 954 ἐουσέων
392 878 567 972 μυριάδων
593 881 742 949 πολλέων
766 879 821 947 καὶ
846 873 968 956 παντὸς
996 871 1118 964 ἀνδρὸς
1143 877 1358 965 ἐργαζομένου

216 982 313 1072 ἤνετο
330 980 367 1054 ed
380 990 492 1072 ἔργον·
512 984 566 1052 καὶ
584 978 648 1070 γὰρ
666 989 756 1050 λίθοι
775 981 830 1048 καὶ
843 985 979 1047 πλίνθοι
998 979 1053 1046 καὶ
1064 976 1146 1060 ξύλα
1164 979 1219 1047 καὶ
1238 979 1359 1066 φορμοὶ

221 1175 250 1242 ές
263 1199 333 1250 quae
343 1182 510 1233 Vale-keneu
525 1181 658 1231 excitavit
669 1181 690 1243 1,
708 1177 762 1229 199.

218 1253 274 1314 ΙΙΙ,
291 1249 353 1311 140,
368 1250 438 1311 alia,
453 1251 487 1299 iis
502 1250 584 1308 adde,
599 1263 668 1313 quae
682 1247 765 1297 attuli

202 1317 255 1379 ,ad
272 1319 309 1380 V,
333 1318 362 1367 tt
385 1321 413 1368 et
435 1319 593 1368 Buttmann.
615 1317 643 1365 in
664 1316 761 1365 Demo·

218 1387 307 1437 athen.
330 1385 445 1435 Midian.
468 1402 494 1450 p.
516 1384 563 1434 175
587 1382 629 1433 ed.
650 1384 763 1433 secund.

218 1454 329 1504 Referri
350 1468 456 1518 quoque
480 1453 533 1502 hue
555 1452 656 1517 poterit
693 1451 764 1517 quod

219 1537 302 1587 supra
314 1521 387 1581 VIII,
402 1520 443 1570 60.
457 1524 480 1583 §-
494 1519 506 1569 I
519 1520 634 1585 legitur:
654 1487 688 1576 ές
699 1511 764 1584 τὴν

219 1616 251 1626 -
268 1579 435 1639 διιειικείται
453 1582 538 1638 τέκνα
556 1602 586 1637 τε
604 1584 652 1637 καὶ
665 1587 765 1650 γυναῖ-

219 1671 275 1715 ιιες.
284 1684 314 1692 -
324 1658 366 1705 De
381 1656 545 1713 Cleombroto,
560 1656 605 1723 qui
617 1670 679 1705 raro
693 1654 765 1719 apud

219 1730 327 1775 veteres
341 1728 579 1785 commemoretur,
594 1722 646 1772 etsi
658 1728 766 1788 putrem

218 1792 317 1843 habuit
335 1807 428 1856 regern
445 1791 613 1856 fratremque
628 1789 765 1841 nobilissi-

219 1876 291 1911 mum
301 1859 462 1921 Leonidam,
474 1858 711 1917 eoni.Herod.IX,
725 1858 764 1907 10.

246 1920 440 1992 συγχώσαντες
450 1919 502 1990 τὴν
508 1923 673 1989 Σκιρωνίδα
684 1916 764 1990 ὁδὸν]

220 1995 322 2057 „Iqud
334 1995 505 2044 incannnodc
518 1993 653 2043 redditur:
671 1993 769 2042 obstru-

219 2069 316 2113 serunt
327 2065 404 2111 viora:
424 2066 453 2109 at
470 2076 524 2109 uon
537 2063 644 2124 utique,
658 2064 688 2109 ut
700 2062 767 2109 Lar-

222 2130 319 2179 eherus
337 2131 534 2193 Interpretstns
554 2134 609 2189 est,
632 2127 705 2177 terrei
723 2131 768 2177 αδ-

220 2195 302 2261 perid,
319 2197 347 2244 in
357 2211 483 2245 saxonum
494 2196 656 2259 praesertim
667 2201 766 2255 moute,

221 2264 270 2313 sed
282 2279 422 2325 saxorum,
441 2268 522 2328 puta,
542 2263 648 2328 ingenti
666 2279 767 2327 conge-

221 2334 275 2391 rie,
296 2346 366 2394 quae
380 2331 477 2379 muniti
490 2330 558 2380 valli
572 2332 706 2380 rationem
718 2331 765 2380 ha·

221 2399 312 2459 beret,
337 2414 389 2463 qna
408 2398 559 2448 interclusa
577 2399 659 2447 fuerit
676 2399 722 2448 vie
739 2403 767 2448 et

221 2466 353 2533 prohibiti
372 2465 585 2525 adscendentem
605 2466 658 2515 nisi
675 2468 767 2531 potius

221 2533 364 2599 inteiligas
385 2534 514 2583 rubratam
536 2542 560 2585 et
582 2535 691 2591 dirutum
712 2550 768 2584 esse

221 2604 276 2652 υἰσε
285 2605 450 2664 munitionem,
459 2603 498 2651 ita
508 2606 539 2651 ut
549 2606 577 2651 et
588 2602 600 2651 1
601 2602 671 2651 ossis
678 2607 706 2651 et
716 2602 768 2651 rui·

222 2671 265 2720 nis
275 2671 430 2734 interceptu
441 2670 485 2719 viu
496 2670 598 2719 esset.“
612 2670 718 2721 Scitne
726 2673 767 2733 ι’μ-

221 2739 327 2789 boens.
341 2739 370 2786 ia
384 2739 450 2787 Lex.
461 2738 565 2787 Herod.
575 2753 596 2787 s.
607 2754 633 2788 v.
644 2737 769 2803 συγχοῦν

222 2806 269 2867 (II.
283 2821 309 2869 p.
322 2804 391 2866 290).
410 2806 533 2870 langius
545 2805 694 2855 vernacule
708 2806 767 2854 red·

222 2873 306 2922 didit:
324 2873 493 2922 oersrhriiiea.
533 2874 583 2922 Vto
595 2874 710 2924 Scironis
722 2873 767 2935 (de

223 2955 276 3003 qua
288 2939 343 2988 vid.
354 2940 474 2989 Peneon.
484 2941 506 3000 I,
517 2941 558 2988 44.
569 2942 592 3001 ξ.
606 2940 637 2989 10
645 2957 703 3006 seq.
716 2940 767 2990 ibi·

223 3006 400 3071 queSieheIis
410 3022 474 3072 pag.
486 3008 540 3057 157.
551 3007 640 3057 Struh.
648 3009 694 3058 IX.
703 3025 766 3074 pag.

223 3074 270 3125 391
290 3089 311 3123 s.
329 3072 418 3126 euos.
437 3080 465 3124 et
482 3076 583 3124 Krase:
602 3075 675 3125 IIeII.
695 3078 722 3136 I,
742 3076 766 3125 2.

223 3157 285 3206 pag.
296 3140 343 3191 321
358 3141 427 3205 seq.)
440 3143 564 3206 Megaris
578 3143 707 3192 Isthmum
720 3160 767 3208 pe·

224 3208 344 3259 tentibus
357 3215 418 3258 erat
429 3210 608 3274 permeauda,
624 3211 767 3261 exordiens

225 3291 277 3341 quo
290 3276 351 3327 loco
363 3278 508 3341 Megarica
520 3277 622 3327 desinit
635 3277 767 3344 planities

223 3359 358 3409 rupesque
381 3350 529 3409 exsurgant
550 3345 696 3408 Materiae,
720 3347 767 3395 uiri

223 3416 304 3477 porta
316 3412 442 3462 Scironia
455 3429 525 3477 quae
538 3414 691 3464 vocabatur
703 3415 767 3464 oIim

224 3485 366 3529 exstructa
383 3486 451 3529 erat.
488 3481 554 3530 Inde
573 3496 654 3546 super
671 3498 767 3547 scopu·

223 3547 264 3596 Ios
281 3562 401 3611 saxaque
416 3550 536 3598 Scironia
554 3565 623 3613 quae
642 3550 768 3599 dicuntur

224 3629 241 3663 a
254 3615 381 3676 Scirone,
396 3615 575 3666 celeberrimo
589 3617 706 3677 latrone,
722 3619 768 3683 qui

222 3682 287 3731 inde
300 3689 508 3747 praetereuntes
521 3684 667 3749 diripuisse
685 3692 768 3750 atque

223 3750 398 3800 iuterfeeisse
413 3752 511 3815 fertur,
529 3753 576 3801 via
589 3752 709 3803 ducebat
720 3770 768 3803 sex

223 3818 346 3868 milliarr.
360 3819 492 3871 Romanu.
507 3819 541 3870 ad
552 3821 666 3879 Kiueta,
681 3822 708 3870 in
721 3837 768 3886 pe-

223 3885 428 3936 riculosissimis
442 3888 539 3937 habita
551 3888 767 3953 horrendumque

223 3953 296 4003 haud
313 3969 368 4004 uno
385 3953 446 4006 Ioco
459 3955 595 4022 praebens
608 3956 767 4022 adspectum

224 4025 282 4070 tum
304 4022 437 4087 obrepas
457 4024 635 4089 praecipites,
660 4030 716 4073 turn
734 4025 768 4074 ab

225 4103 302 4138 mare
323 4090 445 4140 vicinum
466 4097 616 4155 ventosque
638 4092 768 4157 importu-

224 4171 284 4207 nos.
302 4156 398 4207 Adhuc
408 4159 522 4222 tramiti,
533 4160 579 4224 qui
590 4158 676 4208 facite
686 4160 769 4209 iater-

226 4223 300 4274 cludi
311 4229 403 4289 potest
416 4226 538 4292 adeoque
551 4226 656 4276 dirutus
668 4226 767 4292 lapidi-

225 4292 329 4358 busque
343 4293 499 4345 obstruetns
517 4293 607 4344 adhue
625 4294 767 4345 admodum

816 1193 878 1228 meu
891 1177 963 1227 Koloi
972 1180 1052 1240 scala
1067 1177 1085 1226 i.
1097 1193 1121 1227 e.
1131 1180 1198 1228 meio
1208 1180 1258 1240 oia,
1271 1178 1361 1244 prouti

816 1246 933 1296 similem
956 1245 1091 1311 quendam
1117 1247 1257 1296 tramitem
1279 1261 1361 1311 super

816 1313 953 1363 Ithaetiae
982 1314 1048 1378 iuga
1081 1312 1227 1363 deductum
1262 1313 1359 1375 adhue,

816 1381 887 1445 quod
899 1397 979 1431 namo
991 1382 1091 1443 nescit,
1104 1386 1206 1431 vocant
1219 1383 1292 1431 Viam
1305 1382 1362 1431 Mo·

815 1453 872 1499 tarr.
887 1449 1009 1498 Plurima
1019 1448 1097 1497 dabit
1108 1449 1293 1513 Reingauum:
1304 1450 1363 1498 Das

816 1516 1001 1582 alteMegsris
1011 1516 1076 1581 p.2i
1087 1531 1163 1581 seqq.
1173 1516 1242 1566 aad.
1250 1516 1361 1566 Leuke:

816 1584 952 1634 Northern
965 1584 1070 1634 Graece
1083 1584 1118 1633 11.
1132 1600 1157 1649 p.
1171 1584 1221 1633 414
1239 1590 1266 1634 et
1279 1600 1363 1650 prae·

817 1654 897 1718 cipue
911 1652 1033 1701 Curtius:
1048 1650 1229 1716 Peloponnes.
1240 1652 1260 1701 1.
1271 1650 1365 1717 pag.9
1467 1710 1468 1713 Ἴ

817 1726 845 1770 et
862 1735 925 1785 pag.
944 1717 992 1780 29,
1010 1719 1137 1768 Vischer:
1159 1720 1364 1785 Eriunerungg.

818 1803 867 1838 aus
891 1786 1096 1836 Grieehenlend
1118 1803 1182 1852 pag.
1202 1786 1251 1837 lto
1273 1792 1302 1837 et
1323 1789 1364 1837 iu:

815 1855 930 1905 Jahrbb.
949 1855 968 1904 f.
980 1853 1115 1919 Philolog.
1126 1856 1252 1905 Lxxlll.
1267 1872 1292 1921 p.
1307 1854 1364 1915 138,

817 1923 864 1972 ubi
880 1923 952 1973 hane
973 1922 1058 1985 viam,
1084 1938 1164 1986 quam
1187 1914 1257 1973 δδδν
1279 1927 1367 1973 voest

820 1991 931 2052 Noster,
958 1990 1042 2039 talem
1064 1989 1148 2040 inisse
1166 1996 1257 2056 putat,
1283 2007 1367 2056 quam

820 2058 863 2109 vel
893 2058 1019 2123 plaustra
1047 2073 1189 2123 permeare
1217 2059 1366 2124 patuerint.

820 2126 891 2191 Ipsis
915 2126 1052 2176 montibus
1076 2142 1174 2176 nomen
1195 2127 1283 2176 fertur
1304 2142 1367 2176 esse
1468 2176 1469 2179 ,

818 2196 931 2243 Dernent
947 2194 1036 2253 Bono,
1056 2195 1184 2257 quoniam
1201 2194 1235 2243 ad
1253 2200 1367 2259 septen·
1468 2194 1469 2225 ³

819 2261 936 2311 trionale
961 2262 1092 2312 montium
1118 2261 1191 2311 Iatus
1212 2262 1367 2312 Tarentum

818 2330 968 2394 portorium
987 2331 1015 2392 (i.
1030 2345 1053 2379 e.
1069 2331 1192 2385 licerent:
1209 2345 1273 2379 narn
1289 2330 1367 2380 Burro

819 2403 939 2447 montem
960 2412 981 2446 s.
1001 2397 1100 2446 coliem
1122 2397 1274 2462 quemlibet
1295 2398 1368 2448 indi·

820 2464 876 2519 cati
890 2465 953 2515 olim
968 2466 1146 2515 constitutum
1159 2470 1227 2516 erat.

853 2524 904 2582 dre
927 2525 959 2582 di
981 2524 1104 2583 ἐουσέων
1126 2525 1277 2599 μυριάδων
1298 2534 1366 2584 πολ·

819 2594 899 2660 λέων]
926 2593 958 2649 δὲ
983 2617 997 2651 s
1020 2601 1141 2651 Floreat.
1165 2617 1227 2651 cum
1248 2607 1368 2653 recentt

821 2668 932 2718 exhibui
950 2684 997 2733 pro
1015 2662 1067 2734 δὴ,
1091 2670 1162 2732 quod
1183 2686 1245 2719 cum
1262 2669 1367 2720 Sohae-

820 2737 879 2786 tero
897 2737 1011 2785 retinuit
1028 2737 1173 2787 Matthiae.
1213 2738 1267 2788 Pro
1291 2738 1367 2803 vulg.

819 2797 983 2869 μνριαδέων
1000 2804 1098 2868 scripsi
1135 2805 1250 2855 robante
1262 2805 1368 2855 Bredo·

840 2873 845 2884 '
973 2872 984 2883 ’
1099 2868 1105 2883 '
1242 2874 1251 2903 7
1359 2892 1366 2904 Q

819 2870 1367 3017 retruduntur‚tutti

819 3009 861 3058 sd
873 3023 957 3073 qveso
971 3008 1043 3057 conf.
1057 3013 1124 3057 nott.
1140 3008 1175 3058 ad
1188 3010 1214 3067 1,
1232 3008 1288 3059 189.
1302 3010 1367 3065 VII,

819 3075 852 3124 ’λδ
866 3082 893 3125 et
907 3075 940 3126 ad
950 3067 1064 3126 ἐλίνυον
1073 3082 1143 3126 nott.
1156 3076 1189 3126 ad
1199 3078 1221 3139 1,
1233 3075 1276 3126 117.
1296 3092 1367 3141 φορ·

818 3140 869 3210 μοί
881 3150 944 3193 sunt
956 3144 1060 3206 corbes,
1079 3146 1207 3200 συνέστω
1225 3145 1261 3194 ct.
1275 3146 1367 3196 Theo·

820 3213 880 3261 crit.
895 3211 974 3274 IdyII.
987 3212 1064 3272 xxl,
1082 3211 1121 3262 13.
1133 3238 1168 3247 -
1180 3212 1259 3274 Quod
1274 3213 1310 3263 ad
1324 3229 1367 3262 ar·

839 3284 975 3328 amentum
1006 3280 1119 3340 attinet,
1149 3280 1183 3330 de
1211 3281 1264 3330 hoc
1288 3296 1367 3331 mura

818 3296 888 3397 buce
902 3346 1030 3411 {egeratur
1042 3348 1114 3411 apud
1126 3348 1276 3397 Diodorum
1289 3349 1368 3398 Sicu·

818 3415 873 3464 hun
887 3415 932 3478 XI,
948 3413 990 3464 Iti:
1010 3407 1040 3464 οί
1051 3408 1083 3465 δὲ
1095 3410 1229 3479 σύνεδροι
1242 3408 1366 3466 τῶνἙλ-

819 3475 912 3547 λήνων
929 3473 1192 3549 decimationis
1210 3472 1226 3533 ὅ
1245 3483 1301 3533 λων
1318 3498 1367 3534 τα-

820 3542 912 3616 ραχὴν
923 3546 973 3600 καὶ
989 3544 1042 3615 τὴν
1058 3542 1127 3615 ὅλην
1140 3499 1276 3634 ἔκπληξιν
1295 3542 1367 3616 ἔψη-

820 3616 1145 3737 φίσαντοιδιατειγίζειν
1165 3612 1215 3669 τὸν
1238 3615 1367 3683 inituris·

819 3681 869 3735 καὶ
890 3702 961 3750 ταχυ
979 3685 1035 3736 των
1069 3703 1142 3753 ργων
1164 3682 1366 3737 συντελεσθέν-

819 3769 875 3802 των
899 3747 959 3804 διδ
987 3752 1049 3819 τήν
1074 3754 1284 3819 προθυμίαν
1306 3751 1366 3805 nai

819 3816 855 3870 τδ
873 3821 1011 3887 πλῆθος
1033 3820 1097 3872 τῶν
1120 3814 1367 3898 ἐργαζομένων

819 3883 855 3938 oi
876 3883 930 3954 pie
954 3886 1181 3954 Πελοποννήσιοι
1205 3885 1368 3955 ultiones

819 3950 856 4006 τὸ
872 3960 988 4023 τεῖχος
1008 3955 1193 4008 διατεῖνον
1211 3949 1266 4035 ilci
1284 3972 1364 4008 στα-

820 4022 922 4084 δίους
939 4020 1201 4088 τετταράκοντα
1218 4018 1286 4075 απδ
1303 4027 1366 4075 Δε·

820 4093 924 4211 quiae
945 4089 1046 4158 μέχρι
1064 4087 1258 4159 Κεγχρέων·
1284 4087 1314 4144 oi
1336 4086 1368 4144 d’

835 4176 852 4210 ν
868 4159 903 4227 τῇ
915 4160 1061 4226 Σαλαμῖνι
1080 4159 1277 4237 διατρίβοντες
1292 4155 1366 4226 μετὰ

819 4222 926 4287 παντὸς
948 4227 1001 4279 τοῦ
1021 4225 1122 4279 στόλου
1145 4229 1367 4347 notenturque

820 4288 868 4346 oo
880 4295 1029 4355 τοσοῦτον,
1048 4285 1118 4348 ὅστε
1130 4290 1231 4362 μηκέτι
1243 4311 1290 4347 πει
1316 4312 1366 4361 αρ-

226 4359 367 4412 difficilem
393 4363 538 4413 transitum
559 4362 690 4426 praehet,
719 4379 767 4414 no·
818 4365 882 4429 priv
892 4366 953 4424 τοῖς
964 4356 1108 4431 ἡγεμόσιν.
1132 4365 1221 4416 Huius
1232 4365 1303 4416 muri
1312 4364 1367 4419 Pe·
