2900 5122
423 370 686 433 CALLIOPE.
711 373 770 432 IX.
793 379 837 434 tr.
860 381 904 436 λδ.
1171 378 1233 441 263

102 547 151 614 sai
167 540 291 634 ἀρετῆς.
328 541 457 615 τούτων
485 539 516 614 δ’
535 532 622 631 ἦσαν
648 537 779 614 ὁπλῖται
805 552 903 633 χίλιοι
926 546 981 614 καὶ
1007 543 1232 636 πεντηκόσιοι·

101 746 133 793 tis
143 744 249 792 omnino
262 743 451 793 confidendum
467 744 517 806 sit,
535 743 568 793 de
583 759 636 808 quo
686 743 827 810 praebuit,
846 743 1002 795 habendum
1016 760 1078 796 esse
1092 746 1231 798 existima-

101 811 164 860 idem
181 811 222 860 vir
238 811 338 861 doctus
356 811 498 861 admodum
517 811 633 873 dubitat,
686 827 754 861 mus.

99 878 260 928 Herodotum
283 894 338 928 non
358 880 428 929 satis
449 882 579 928 accurate
601 879 634 927 de
719 875 828 929 τούτων
845 871 878 929 δ’
893 866 968 945 ἦσαν
985 871 1100 931 ὁπλῖται
1117 896 1143 933 ιι.
1157 897 1181 931 τ.
1195 882 1230 947 λ]

100 946 364 996 hisedoetumfuisse
375 947 542 999 existimans.
556 946 635 1008 Quod
686 948 776 1009 Quam
792 946 949 998 Herodotus
973 947 1018 998 hic
1041 952 1231 1000 recensionem

100 1029 145 1078 qno
158 1015 213 1064 iure
226 1014 377 1064 contendat
388 1013 561 1075 Niebuhrius,
574 1014 634 1079 ipse
687 1015 736 1065 dat
747 1015 915 1081 populorum,
930 1017 976 1080 qui
990 1015 1024 1065 ad
1037 1016 1171 1066 Plataeas
1183 1034 1231 1083 pu·

100 1081 198 1130 viderit
217 1083 272 1143 Qui
283 1082 354 1130 enim
363 1082 542 1146 reputaverit,
553 1096 635 1146 quam
686 1083 846 1148 gnaverint,
865 1098 899 1132 ea
911 1097 964 1132 non
977 1098 1088 1148 prorsus
1102 1086 1232 1135 convenit

98 1149 210 1199 smdioae
222 1149 323 1199 Noster
334 1150 364 1198 in
376 1150 468 1199 omnia
479 1149 636 1213 inquisierit
686 1165 749 1203 cum
759 1150 880 1200 Pausan.
901 1150 936 1208 V,
953 1150 995 1201 23.
1014 1151 1037 1212 5.
1056 1151 1083 1212 l,
1100 1152 1148 1201 ubi
1165 1169 1231 1218 gen·

99 1231 222 1282 quamque
236 1220 376 1279 accurate,
391 1232 460 1281 quae
473 1218 634 1278 invenisset,
685 1218 763 1280 tium,
777 1234 847 1283 quse
857 1217 1019 1268 Plataeensi
1028 1234 1138 1284 pugnae
1147 1221 1232 1271 inter·

98 1283 226 1347 retulerit,
252 1283 357 1333 nullam
378 1284 523 1334 dubitandi
539 1283 573 1334 de
591 1284 635 1333 his
685 1286 802 1349 fuerint,
817 1285 864 1335 ille
876 1286 967 1351 prodit
979 1287 1104 1345 nomina,
1118 1303 1189 1352 quae
1202 1290 1231 1337 in

98 1352 220 1413 numeris,
240 1352 288 1416 qui
305 1351 378 1401 haud
394 1352 454 1402 scio
467 1367 502 1400 an
514 1352 635 1415 publicis
685 1353 747 1403 basi
764 1359 874 1402 statuae
892 1354 967 1403 Iovis
980 1353 1101 1420 Olympii
1118 1354 1229 1405 dedica·

98 1434 193 1483 quoque
215 1419 388 1469 documentis
408 1420 504 1469 traditi
521 1420 634 1481 suerint,
685 1427 732 1471 tae
749 1421 785 1470 ab
799 1421 833 1470 iis
847 1420 977 1481 Graecis,
996 1422 1042 1485 qui
1055 1422 1231 1473 adPlataeas

96 1501 199 1537 causam
211 1502 275 1536 esse
287 1486 341 1537 sibi
351 1487 436 1537 facile
446 1487 632 1552 persuadebit.

94 1555 195 1604 -Post
204 1554 346 1619 Tegeates
359 1555 510 1619 proximum
520 1554 632 1619 Sparta-

96 1621 133 1670 nis
147 1621 236 1672 locum
252 1627 348 1671 tenero
361 1621 488 1671 dicuntur
501 1622 632 1683 Corinthii,

96 1689 135 1752 qui
162 1691 203 1739 nti
232 1691 306 1739 inter
328 1688 513 1755 Peloponnesi
536 1692 633 1754 gentes

96 1757 204 1806 maxime
228 1757 380 1807 floruerunt
405 1757 516 1822 opibus,
540 1757 581 1806 ita
604 1757 633 1804 in

95 1824 148 1888 ipso
164 1823 428 1890 Peloponnesiorum
446 1823 558 1875 foedere
577 1823 632 1889 pri-

93 1907 158 1941 mam
169 1899 233 1958 post
242 1891 397 1958 Spartanos
407 1891 495 1941 locum
508 1891 632 1941 obtinue-

94 1967 150 2009 runt
166 1961 231 2021 (rid.
251 1964 320 2010 nott.
340 1959 375 2009 ad
393 1960 431 2021 V,
448 1958 479 2009 91
499 1960 577 2022 etV,
590 1957 632 2009 92.

93 2027 114 2087 ς.
122 2025 236 2089 Ι,Ο.Ι·ἰ.
245 2028 400 2077 Hermann:
411 2026 519 2076 Griech.
527 2025 634 2075 Staats-

93 2094 276 2156 slterthiim.§.
283 2094 388 2145 diuet.
398 2094 438 2156 12)
448 2095 566 2158 indeque
577 2109 632 2143 me-

93 2162 140 2211 rito
157 2164 185 2212 in
202 2164 267 2212 acie
284 2178 369 2227 prope
382 2163 534 2227 Spartanos
548 2161 634 2211 cello·

93 2230 194 2279 eantur.
223 2231 314 2294 Atque
332 2230 359 2278 in
376 2245 406 2279 re
418 2229 514 2279 navali
526 2244 633 2294 quoque

91 2304 148 2362 post
155 2298 341 2348 Athenienses
354 2298 476 2362 proxime
486 2302 635 2346 censentur

92 2364 234 2415 Corinthii:
254 2364 311 2415 vin.
324 2365 403 2427 VHI,
426 2364 451 2426 1,
472 2370 554 2428 atque
570 2370 633 2429 post

92 2432 287 2495 sumpsissem,
309 2432 507 2497 Spartanorum
525 2431 631 2494 ducem,

91 2501 196 2563 ponitur
222 2499 401 2556 Adimantus,
431 2499 633 2549 Corinthiorum

92 2567 154 2631 dax,
169 2568 281 2626 VEL-'s
297 2567 360 2618 coll.
373 2568 415 2617 bil.
428 2566 470 2617 (il.
488 2566 522 2616 94
538 2566 632 2631 ibique

91 2642 154 2686 nott
178 2636 222 2686 sd
234 2635 435 2701 Thermopylas
448 2649 553 2699 qnoque
566 2649 633 2698 qna·

90 2703 248 2769 dringenlos
265 2702 368 2753 milites
387 2704 535 2764 miserant,
561 2706 633 2751 teste

91 2771 183 2821 Nostro
200 2772 270 2831 Vll,
283 2769 346 2819 202:
366 2771 402 2820 ad
418 2770 550 2820 Plataeas
567 2785 632 2833 quo·

92 2839 165 2889 modo
182 2854 213 2889 se
231 2839 372 2903 gesserint
388 2836 538 2897 Corinthii,
559 2836 632 2886 idem

91 2906 185 2956 Noster
206 2906 282 2955 infra
305 2905 390 2955 tradit
411 2906 463 2966 IX,
482 2902 528 2954 69:
552 2919 631 2968 quem

92 2974 179 3038 iniquo
197 2974 227 3023 in
239 2972 398 3023 Corinthios
415 2972 559 3037 scripsisse
572 2971 630 3020 ani·

91 3057 130 3091 mo
145 3041 301 3107 antiquitus
319 3041 375 3090 iam
396 3041 473 3090 fuere
492 3040 538 3103 qui
556 3038 631 3087 dice·

92 3116 158 3158 rent:
172 3108 207 3159 de
220 3124 275 3173 qua
287 3124 317 3158 re
327 3107 391 3172 quid
399 3106 573 3157 statuendum
584 3105 630 3164 sit,

92 3175 143 3226 dixi
156 3177 185 3226 in
197 3181 267 3226 nott.
281 3176 317 3224 ad
330 3176 404 3238 vin,
416 3173 458 3224 ut.
482 3174 572 3236 Atque
585 3187 630 3220 eo·

91 3244 147 3293 dem
159 3244 291 3310 pertinet,
306 3243 377 3307 qued
389 3246 487 3291 contra
498 3238 632 3289 Herodoti

92 3312 273 3361 testimonium
297 3306 565 3373 Pseudoplutarohus
589 3307 632 3356 lie

91 3380 199 3443 malign.
213 3378 346 3429 Herodot.
366 3392 427 3441 cap.
439 3375 481 3424 42.
498 3390 525 3439 p.
539 3373 589 3422 872
597 3374 631 3422 D.

91 3446 123 3496 al
139 3447 287 3497 Simonidis
305 3444 386 3494 fidem
403 3444 498 3507 utique
521 3440 632 3490 dubiam

91 3519 230 3578 provocat,
257 3513 304 3578 qni
321 3511 524 3562 Corinthiorum
547 3508 632 3559 virtu·

90 3588 142 3631 tem
153 3581 299 3648 splendido
312 3578 435 3630 carmine
447 3576 630 3642 praedicarit,

91 3651 157 3713 qnod
172 3650 228 3699 hoc
246 3648 325 3698 modo
347 3646 428 3696 nobis
444 3649 583 3694 servatum
605 3647 633 3693 et

91 3718 160 3767 inter
176 3714 327 3767 Simonidis
344 3714 500 3778 fragmenta
516 3711 633 3761 relatum

91 3790 131 3834 est
142 3801 160 3835 a
168 3782 381 3835 Schneidewino
394 3780 445 3844 (nr.
456 3780 500 3843 54)
511 3784 539 3829 et
548 3780 633 3844 Berg-

91 3851 135 3902 iio
151 3854 205 3915 (nr.
215 3847 257 3901 84.
270 3864 334 3916 pag.
343 3846 393 3899 897
408 3863 465 3912 seq.
480 3848 569 3898 Poiitt.
580 3846 634 3910 Ly-

92 3919 153 3969 rice.
173 3920 302 3979 Graeco.)
326 3933 360 3966 ac
380 3931 468 3981 nuper
484 3918 634 3964 tractatum

92 3992 131 4037 est
143 4003 161 4037 a
172 3986 295 4036 Bamber
316 3999 363 4034 ero
375 3985 404 4033 in
416 3983 534 4048 Opuscc.
548 3981 633 4047 philo·

684 1494 878 1553 pugnaverant
898 1493 995 1538 contra
1012 1489 1127 1550 Persas,
1152 1496 1230 1539 erant

684 1557 833 1621 iuscripta:
857 1555 890 1605 de
909 1557 1007 1620 quibus
1023 1556 1102 1621 plura
1119 1557 1231 1607 disserit

684 1623 864 1673 Broendsted.
883 1625 912 1672 in
930 1624 993 1673 itin.
1012 1624 1034 1672 1.
1073 1622 1141 1672 ,106
1153 1639 1228 1689 seqq.

684 1692 792 1741 Desunt
805 1692 877 1740 enim
890 1691 962 1755 apud
975 1640 1141 1741 Herodotum
1154 1692 1229 1741 iuco-

682 1758 728 1808 lae
746 1761 864 1823 quinque
881 1757 1031 1808 insularum
1049 1758 1156 1822 Aegaei
1173 1774 1229 1808 ma·

684 1826 735 1875 risr
757 1826 811 1883 Cei,
830 1826 923 1883 Nur-cii,
942 1825 1027 1884 Tertii,
1045 1826 1157 1888 ίζιιλλιιλλ,
1170 1826 1228 1875 Me-

682 1895 723 1950 lir',
749 1908 861 1957 quornm
881 1893 993 1942 nomina
1013 1891 1177 1942 exhihentur
1199 1894 1229 1942 in

685 1960 735 2010 illa
750 1960 944 2026 inscriptione,
963 1974 1083 2024 quosque
1100 1974 1155 2010 non
1172 1963 1228 2009 tam

684 2044 734 2093 per
749 2028 903 2078 socordiam
922 2028 957 2077 ah
976 2027 1115 2078 Herodoto
1137 2026 1229 2093 negle-

684 2102 744 2146 ctos
763 2100 870 2160 putem,
897 2110 977 2160 qnam
999 2096 1090 2159 potius
1111 2111 1172 2145 eam
1193 2094 1228 2144 oh

684 2178 811 2223 causam,
826 2163 895 2227 qaod
908 2163 990 2228 pauci
1000 2163 1105 2213 fuerint
1115 2176 1228 2212 numero

683 2247 736 2281 uec
757 2232 850 2296 magni
872 2231 1014 2290 momenti,
1040 2230 1151 2279 accensi
1168 2231 1229 2286 τοῖς

683 2297 794 2361 ψιλοῖς,
825 2314 891 2362 quos
921 2298 995 2362 ipsos
1018 2298 1046 2346 in
1072 2297 1228 2347 universum

684 2364 763 2415 modo
776 2364 881 2415 indicat
891 2364 1056 2424 Herodotus,
1070 2364 1229 2412 accuratius

684 2446 833 2482 recensens
855 2423 923 2490 τούς
946 2423 1065 2486 ὁπλίτας
1089 2445 1109 2479 s.
1134 2430 1228 2494 gravis

685 2504 841 2550 armaturae
853 2498 965 2549 milites.
989 2497 1067 2557 Quod
1078 2511 1143 2545 roro
1156 2497 1228 2562 apud

685 2567 801 2617 eundem
814 2566 980 2617 Pausaniam
993 2564 1053 2614 Elei
1063 2564 1227 2621 referuntur,

685 2650 752 2699 qnos
769 2638 831 2700 post
848 2648 968 2699 parmam
986 2631 1130 2681 advenisse
1143 2630 1229 2680 tradit

684 2702 841 2751 Herodotus
854 2701 907 2760 tx,
922 2699 968 2761 77,
987 2698 1015 2748 id
1027 2698 1228 2749 Broendstedio

684 2776 796 2819 auctore
809 2766 853 2816 vel
867 2768 906 2816 ita
918 2765 1121 2831 explicandum,
1133 2769 1228 2817 utnon

683 2837 743 2886 Elei
759 2835 787 2884 in
804 2833 1009 2898 Peloponneso,
1028 2833 1077 2883 sed
1089 2832 1148 2883 Elei
1159 2833 1226 2883 Ere-

682 2906 791 2953 trienses
808 2900 1014 2966 intelligantur,
1039 2900 1083 2950 vel
1104 2904 1227 2950 statuen-

682 2971 758 3030 dum,
782 2984 872 3019 errore
891 2968 995 3018 iactum
1014 2983 1091 3025 esse,
1109 2972 1140 3016 ut
1156 2968 1227 3017 Pau·

682 3038 776 3088 sanias
799 3050 847 3102 pro
874 3035 1034 3091 Potentibus,
1060 3035 1106 3101 qui
1130 3050 1228 3084 revera

682 3105 795 3167 desunt,
817 3104 917 3167 legerit
933 3105 961 3153 in
980 3103 1030 3152 illa
1046 3102 1130 3151 inseri
1152 3103 1228 3151 tione

683 3172 775 3221 Eleos:
785 3170 899 3221 FAAEI
901 3169 944 3221 Oi
949 3187 997 3236 pro
1005 3169 1120 3219 ΓΑΛΕΙ
1148 3169 1228 3219 ,Ειτ-

682 3241 791 3289 trientes
805 3244 897 3288 autern
910 3244 993 3303 atque
1006 3238 1152 3287 Leucadios
1167 3251 1227 3285 eam

683 3306 718 3356 oh
752 3321 864 3355 eausam
898 3307 1014 3356 omissos
1048 3308 1128 3369 putat
1155 3303 1227 3352 idem

682 3373 865 3424 Broendsted.
882 3372 901 3422 l.
914 3372 946 3430 l.,
965 3371 1036 3436 quod
1052 3370 1082 3419 hi
1099 3385 1154 3419 nna
1167 3386 1227 3420 cum

684 3440 801 3491 aliarum
819 3439 933 3489 duarum
955 3438 1078 3502 gentium
1095 3436 1228 3488 militibus

683 3507 816 3559 collocati
828 3507 933 3556 fuerint
945 3524 979 3557 ex
991 3520 1077 3555 causa
1089 3506 1226 3570 quapiam,

684 3591 765 3641 quam
786 3581 877 3624 tamen
899 3574 977 3624 nobis
999 3573 1138 3638 expiscari
1154 3573 1228 3622 hand

682 3644 778 3693 liceat.
813 3643 881 3692 Post
896 3640 1090 3701 Broendsted.,
1109 3641 1155 3704 qui
1173 3640 1189 3689 l.
1209 3640 1228 3689 l.

684 3712 718 3760 de
739 3710 793 3760 hac
810 3709 972 3774 Olympieae
996 3713 1106 3759 statuae
1130 3706 1228 3756 inseri-

684 3779 778 3844 ptione
792 3782 922 3827 accurate
936 3776 1096 3842 disputavit,
1112 3775 1228 3824 eandem

684 3862 742 3897 rem
755 3860 884 3910 agressus
897 3849 939 3894 est
952 3843 984 3893 Ο.
998 3842 1084 3892 Frick
1102 3841 1227 3903 (Jahrbb.

686 3913 705 3967 λ.
719 3913 854 3978 Philolog.
867 3912 922 3978 Snp
944 3912 960 3961 l.
973 3912 1023 3961 ΙΙΙ.
1038 3907 1123 3975 [1859]
1142 3926 1168 3975 p.
1179 3907 1226 3958 521

684 3980 754 4045 seq.)
770 3981 876 4030 ratione
889 3929 988 4029 hahita
1000 3978 1087 4043 ipsius
1103 3978 1228 4027 Graecae

91 4053 162 4120 legg.
179 4053 278 4120 papi
331 4067 389 4116 seq.
424 4052 462 4101 Et
480 4050 550 4100 conf.
568 4064 633 4113 quo·
684 4048 872 4114 inscriptionis
890 4062 977 4112 nuper
992 4049 1121 4110 repertae
1139 4044 1168 4093 in
1182 4042 1229 4092 do-

91 4137 141 4185 que
157 4120 260 4185 Bergk.
283 4119 318 4169 ad
335 4118 502 4169 Anacreont.
525 4116 633 4181 Reliqq.
685 4117 763 4167 nario
775 4116 839 4173 hoc,
854 4115 924 4180 qnod
937 4113 1048 4176 Graeci,
1062 4112 1108 4176 qui
1121 4111 1155 4161 ad
1165 4111 1229 4161 Pla·

91 4187 180 4254 putu
195 4204 312 4254 quocum
320 4187 452 4236 maiorem
462 4186 490 4235 in
500 4185 543 4234 his
554 4184 634 4235 fidem
685 4189 766 4233 taeas
777 4186 978 4249 pugnaverant,
992 4196 1024 4229 es
1035 4178 1139 4245 praeda
1152 4178 1229 4227 facta

91 4256 231 4307 Herodoto
247 4270 329 4319 quam
343 4253 489 4315 Simonidi,
508 4252 554 4317 qui
571 4251 636 4301 aliis
686 4252 809 4317 Delphos
822 4250 999 4309 dedicarunt,
1016 4251 1088 4296 teste
1101 4247 1160 4311 ipso
1173 4244 1229 4293 He·

91 4339 198 4389 quoque
220 4322 418 4374 mercenariam
435 4334 512 4371 suam
529 4320 636 4371 Musam
686 4319 781 4370 rodoto
793 4318 841 4381 1x,
854 4316 889 4367 80
901 4332 966 4380 seq,
979 4315 1027 4364 uhi
1039 4314 1118 4379 plura
1132 4311 1228 4361 affere·
