2826 5132
218 427 278 490 388
653 423 921 484 HERODOTI

216 594 280 686 γάρ
297 625 347 666 τοι
365 600 423 684 τῆς
440 592 542 684 αὐτῆς
565 600 626 684 γῆς
652 595 738 666 εἶναι
762 594 891 686 καρπόν
907 624 943 665 τε
959 594 1159 685 θωυμαστόν
1175 593 1266 684 φύειν
1280 595 1326 662 καλ
1399 560 1400 647 i

216 696 341 790 ἄνδρας
357 694 507 786 άγαθοός
524 694 565 768 τά
582 700 728 788 πολέμια.
758 694 842 768 dore
860 696 1061 786 συγγνόντες
1079 701 1202 787 Πέρσαι
1216 707 1326 786 οἴγοντο

215 797 435 889 ἀποστάντες,
473 802 677 881 ἑσσωθέντες
705 803 747 889 τῇ
768 798 885 889 γνώμῃ
908 798 990 891 πρός
1013 797 1146 890 Κύρου,
1178 796 1281 889 άρχειν
1297 824 1328 866 τε

811 991 901 1050 deoida
924 998 1088 1065 σπείροντες
1109 990 1215 1051 ἄλλοισι
1231 988 1327 1048 ductui

811 1082 868 1131 ειν,
891 1068 960 1117 nihil
977 1069 1108 1133 amphus,
1127 1067 1195 1134 quod
1211 1067 1242 1115 ab
1258 1065 1328 1113 Hero·

810 1135 868 1186 doti
878 1151 959 1186 mauu
968 1137 1121 1201 profectum
1132 1137 1175 1199 sit,
1187 1132 1328 1200 reperitur.“

214 1015 296 1052 vasae
308 1000 486 1067 pluribusque
499 1000 660 1066 exposuisse
673 1000 757 1061 addit,

215 1085 387 1134 quamquam,
402 1069 493 1118 iudice
506 1068 656 1129 Larchero,
670 1069 758 1117 minus

213 1138 337 1202 respexit
360 1136 395 1185 ad
416 1135 591 1186 Christianae
615 1136 759 1201 religionis

213 1206 268 1254 vim
281 1210 363 1270 atque
377 1199 570 1255 auctoritatem
582 1205 707 1254 omnibus
720 1203 758 1253 lo·

214 1274 254 1322 cis
273 1289 305 1322 ac
323 1272 494 1338 temporibus
510 1273 552 1322 ita
569 1272 758 1321 accommoda-

213 1346 271 1404 tae,
281 1345 310 1389 ut
319 1342 364 1391 vix
375 1355 418 1403 ea,
430 1356 499 1404 quae
509 1340 573 1390 olim
583 1340 676 1402 fuerit,
686 1355 758 1389 nunc

214 1424 319 1473 quoque
331 1409 489 1460 inveniatur
501 1409 573 1459 aeris
589 1412 673 1473 atque
686 1408 758 1458 coeli

213 1493 263 1527 vra.

246 1538 281 1593 aei
298 1539 429 1610 πολέμια]
449 1543 508 1594 Vid.
528 1549 595 1595 nott.
615 1544 650 1593 ad
661 1544 717 1607 Ili,
730 1545 754 1592 4.

212 1613 333 1662 Verbum
345 1605 514 1677 συγγνόντες
525 1613 615 1662 valet:
634 1629 687 1663 cum
700 1614 757 1675 (ve-

212 1696 270 1730 ram
288 1681 346 1731 scil.
361 1680 425 1745 Cyri
443 1683 610 1730 senteutiam
624 1678 703 1798 med
716 1681 754 1729 in-

211 1751 378 1798 tellemissent.
418 1748 480 1799 Vid.
505 1753 573 1798 nott.
605 1749 640 1798 ad
664 1750 677 1798 l
708 1785 715 1810 ,
740 1748 756 1799 3

211 1821 240 1865 et
257 1817 298 1867 43.

244 1873 345 1949 ἄρχειν
358 1898 387 1934 τε
400 1881 510 1934 εἴλοντο
523 1876 634 1950 λυπρὴν
647 1877 755 1934 olae'ov·

211 1967 300 2010 τες-
315 1947 472 2016 δουλεύειν]
492 1953 510 2001 i.
525 1968 548 2001 e.
562 1954 690 2017 imperare
701 1969 753 2001 ma·

210 2024 309 2069 luerunt
318 2027 415 2070 tenuem
423 2023 561 2070 incolentes
569 2027 754 2085 utrumquem

210 2096 374 2152 campestrem
388 2090 548 2153 fertilemque
569 2091 680 2138 colentes
697 2090 754 2137 alita

209 2160 314 2207 service.
337 2157 439 2205 Vocem
450 2148 560 2219 λυπρὴν
573 2155 606 2204 de
619 2156 678 2205 solo
691 2170 753 2219 gra·

211 2223 258 2273 cili
272 2240 304 2273 ac
316 2224 392 2273 tenui
401 2225 502 2274 Noster
512 2222 646 2284 adhibuit,
659 2231 689 2272 ut
699 2223 754 2273 Ho-

210 2307 275 2341 mer.
299 2291 350 2341 Od.
367 2292 445 2351 XIII,
469 2290 519 2342 343
542 2292 575 2341 de
596 2291 701 2340 Ithaca.
720 2318 752 2327 -

209 2359 275 2409 Post
291 2359 362 2409 haee
381 2359 465 2409 verba
483 2359 512 2408 in
529 2358 605 2408 nullo
623 2364 752 2425 quantum

209 2429 267 2476 scio
280 2427 412 2477 Herodoti
430 2427 525 2476 codice
538 2427 683 2493 quidquam
697 2443 752 2477 um·

208 2494 280 2560 plius
293 2496 395 2560 legitur
413 2497 525 2561 ipseque
543 2495 605 2544 finis
623 2494 751 2545 historia·

208 2578 267 2611 rum
278 2563 307 2612 in
320 2563 480 2628 quibusdam
494 2562 636 2613 codicibus
649 2562 751 2612 diserte

208 2631 360 2681 indicatur:
389 2636 462 2680 teste
491 2630 754 2696 Schweighaeusero

209 2699 322 2761 „scriba
341 2699 423 2748 Arch.
450 2695 481 2764 [i.
499 2714 525 2748 o.
542 2695 694 2815 Sencmftss
719 2698 753 2747 li-

207 2766 284 2815 brum
297 2767 338 2815 ita
350 2765 467 2815 claudit:
476 2756 642 2829 Ἡροδότοιο
655 2765 672 2831 β
687 2764 753 2832 βλσς

206 2834 331 2884 κλεινοῖο
349 2827 438 2896 πέρας
456 2825 544 2896 λάβεν
555 2821 611 2883 τόδε
629 2832 693 2899 [quo
706 2834 753 2884 be-

206 2906 330 2950 xametro
347 2901 492 2950 terminari
508 2900 607 2950 librum
625 2901 697 2951 hunc
710 2907 751 2952 te·

206 2972 296 3017 statur
305 2983 410 3033 quoque
421 2965 614 3031 GaistordiusJ.
628 2968 660 3017 In
666 2968 750 3021 Codd.

206 3036 287 3085 Pasa.v
311 3051 377 3084 vero
410 3040 437 3084 et
463 3034 534 3086 Med.
565 3036 750 3087 subiiciuutur

206 3104 289 3153 haec:
310 3096 535 3154 ‘HPOAOTOT
545 3094 751 3157 ἸΣΤΟΡΙΩΝ

207 3165 239 3220 Or
256 3169 424 3221 ΧΧΗΗΠΙ.
441 3171 470 3221 id
487 3178 542 3222 est:
567 3172 697 3223 Herodoti
711 3174 749 3223 λα’·

204 3243 341 3289 storiarum
361 3239 426 3289 liber
442 3256 535 3303 ποπατ,
559 3240 597 3289 bia
618 3244 683 3291 mille
705 3243 750 3291 du-

205 3311 286 3357 centis
307 3315 333 3357 et
354 3323 403 3359 sce
418 3308 532 3359 versibm
547 3310 748 3374 comprehensa.

205 3376 237 3425 Iu
255 3376 286 3426 F.
306 3376 478 3435 [Florentino
495 3373 574 3442 libro]
599 3376 676 3427 nulla
693 3376 750 3449 alia

204 3444 258 3493 nisi
271 3444 341 3494 baec
355 3461 371 3493 a
384 3444 473 3509 prima
487 3460 570 3494 mauu
582 3445 748 3509 subscriptio

206 3518 248 3561 eat
255 3530 261 3560 :
269 3502 426 3575 Ἡροδότου
435 3505 566 3574 ἱστοριῶν
573 3503 668 3579 ἐνάτη.
679 3510 750 3562 Cae-

203 3584 304 3639 terum,
323 3580 394 3644 quod
407 3580 555 3644 Dionysius
568 3579 747 3630 Halicarnas-

203 3647 301 3703 sensis,
309 3647 356 3695 ubi
365 3647 399 3696 de
410 3647 543 3697 Herodoti
555 3647 678 3698 historiis
688 3663 748 3698 ver-

204 3714 242 3764 ba
258 3714 340 3776 iacit,
366 3717 417 3776 ait,
441 3707 473 3765 τό
491 3709 546 3780 γάρ
562 3705 632 3766 arico·
649 3714 745 3779 προολ·

203 3773 271 3898 ριόν
282 3796 312 3832 τε
325 3777 374 3831 καὶ
386 3771 461 3849 α’ρχὴ
473 3780 523 3833 καλ
535 3776 613 3841 τέλος
626 3774 684 3834 ἐστὶ
697 3783 748 3850 τῆς

216 3847 330 3912 στορίας
343 3849 381 3911 (in
394 3850 511 3915 Epistol.
528 3851 562 3901 ad
575 3853 697 3918 Pompei.
711 3853 745 3903 de

202 3917 325 3982 praecip.
338 3917 479 3968 historicis
492 3935 515 3969 c.
527 3918 552 3970 3.
561 3921 592 3970 T.
603 3921 650 3970 VI.
661 3936 687 3986 p.
696 3919 746 3971 tot

204 3985 246 4034 ed.
259 3984 379 4048 Remis),
397 3987 461 4036 inde
479 3986 650 4052 collegerunt
671 3989 745 4038 docti

203 4052 328 4102 nonnulli
339 4054 405 4116 viri,
420 4054 594 4106 intercidisse
607 4057 635 4105 in
649 4055 744 4121 vulge-

202 4123 239 4169 tia
248 4122 382 4172 Herodoti
392 4122 594 4188 exemplaribus
603 4124 743 4189 Ερίλογτοπ,

202 4204 255 4253 quo
278 4189 400 4240 historiis
422 4192 479 4241 suis
501 4192 657 4242 coronidem
679 4192 743 4241 olim

201 4258 375 4322 imposuisset
397 4263 500 4309 auctor.
534 4260 571 4308 at
591 4261 619 4309 in
638 4260 743 4309 cunctis

202 4326 293 4375 mestis
306 4326 455 4387 codicibus,
469 4342 581 4392 quorum
595 4327 629 4378 ad
638 4343 687 4377 noa
698 4342 744 4377 no-

201 4394 264 4442 titia
277 4396 412 4458 pervenit,
426 4401 488 4459 post
500 4396 554 4445 ista
566 4396 652 4446 verba
664 4389 684 4462 ἢ
694 4409 742 4446 πε-

809 1205 889 1254 Haec
898 1204 1153 1269 Schweighaeuseri
1164 1204 1244 1253 verba
1254 1199 1329 1260 retuli,

809 1272 908 1337 quibua
918 1287 986 1322 sane
996 1271 1168 1337 intelligitur,
1177 1270 1272 1320 nullam
1280 1282 1329 1317 esse

811 1355 936 1401 causam,
951 1355 999 1389 cur
1011 1338 1150 1405 epilogum
1163 1336 1286 1404 quendam
1297 1337 1329 1384 iu·
1399 1336 1400 1359 ³

808 1408 918 1458 teriisse
952 1408 1153 1472 existimemus,
1190 1404 1330 1472 praesertim

809 1491 880 1537 cum,
894 1475 1060 1526 Schoellium
1070 1477 1095 1525 si
1104 1476 1246 1540 sequimur,
1258 1472 1330 1521 Here

808 1544 867 1594 doti
878 1545 1002 1594 narratio
1016 1560 1061 1604 eo,
1079 1543 1153 1593 unde
1171 1557 1263 1594 exorsa
1274 1544 1330 1597 erat,

807 1612 853 1662 hic
872 1614 950 1677 quasi
967 1611 1058 1662 redire
1075 1611 1214 1671 rideatur,
1234 1606 1331 1659 consilio

808 1681 892 1730 totius
903 1681 994 1745 operis
1007 1679 1130 1744 expleto:
1155 1695 1233 1744 quam
1250 1679 1276 1726 in
1287 1690 1332 1724 reu
1399 1694 1400 1727 ι

807 1747 917 1812 longior
941 1748 974 1797 ad
999 1748 1026 1801 h.
1050 1748 1067 1796 1.
1093 1752 1186 1798 exstat
1209 1744 1332 1796 annotatio

805 1815 1266 1881 Schoellii,vernaculiinterpretis.
1277 1810 1332 1860 Mihi
1399 1838 1400 1871 γ

805 1888 898 1934 tamen
910 1884 1087 1935 verisimilius
1100 1884 1216 1941 videtur,
1229 1878 1331 1931 Herodo-
1399 1890 1400 1899 ¹

805 1956 876 2014 tum,
896 1967 974 2017 quem
987 1952 1097 2002 Thuriis
1115 1952 1144 2001 iu
1162 1966 1243 2017 opere
1256 1948 1331 1998 elabo·
1399 1952 1400 1985 t

805 2020 905 2079 raudo,
926 2019 1106 2085 perficiendo,
1129 2016 1330 2084 expoliandam·
1399 2008 1400 2085 l

806 2102 857 2153 que
876 2087 912 2137 ad
929 2092 1079 2138 extremum
1091 2087 1169 2138 vitae
1186 2087 1256 2137 diem
1266 2097 1328 2134 occu
1399 2104 1400 2155 ρ

804 2160 898 2221 patum
915 2156 1052 2219 videmus,
1072 2157 1135 2221 ipse
1152 2159 1238 2205 morte
1254 2164 1327 2216 super·
1399 2158 1400 2175 ³

805 2224 934 2273 veniente
944 2224 1102 2289 impeditum
1114 2239 1186 2283 esse,
1200 2237 1250 2287 quo
1260 2220 1330 2269 mnu
1399 2244 1400 2279 1

805 2291 877 2341 hanc
890 2307 997 2356 quoque
1009 2292 1100 2356 operis
1118 2296 1226 2357 partem
1240 2299 1333 2356 prorsus

805 2359 969 2410 absolveret.
988 2359 1069 2409 Hanc
1081 2361 1171 2424 igitur
1184 2366 1283 2424 partem
1293 2356 1333 2404 im·

803 2427 957 2492 perlectam
976 2443 993 2477 a
1010 2443 1077 2477 sene
1094 2427 1255 2477 moribundo
1268 2424 1331 2473 dere·

804 2495 899 2544 lictum
923 2510 984 2545 esse
1014 2496 1128 2545 credere
1153 2496 1256 2554 malim,
1283 2505 1333 2541 cun

804 2578 874 2627 quae
888 2567 1008 2613 extremo
1020 2563 1071 2612 hoc
1085 2564 1181 2629 capite
1195 2563 1241 2611 lte
1253 2561 1333 2625 legun·

805 2635 861 2693 tur,
887 2631 934 2681 vix
952 2632 1052 2680 iustam
1074 2646 1108 2680 ac
1130 2632 1242 2697 dignam
1257 2624 1334 2693 open‘s

805 2697 957 2748 clausulam
976 2700 1149 2749 constituant
1165 2715 1218 2749 nec
1233 2695 1334 2761 amplius

805 2766 869 2830 quid
887 2767 922 2816 ab
939 2766 1073 2817 Herodoti
1095 2782 1181 2818 mauu
1197 2766 1332 2832 proiectum

805 2849 865 2884 ease
883 2833 1014 2884 credibile
1033 2836 1083 2884 sit:
1107 2836 1191 2885 Immo
1213 2833 1276 2884 mihi
1295 2830 1332 2878 du·

803 2902 865 2951 dum
883 2902 978 2952 oborta
1000 2907 1042 2952 est
1058 2904 1198 2968 suspicio,
1222 2917 1255 2952 ea
1275 2901 1333 2964 ipse

803 2985 874 3035 quae
887 2986 948 3035 cap.
963 2969 1010 3018 122
1023 2975 1147 3033 exstant,
1166 2971 1211 3021 vel
1225 2985 1241 3019 a
1253 2968 1334 3018 Grau·

801 3039 903 3088 matico
926 3038 1042 3102 quodam
1059 3038 1227 3089 Herodoteis
1249 3036 1334 3087 adsuta

800 3105 845 3155 vel
866 3106 901 3155 ab
922 3106 982 3170 ipso
1002 3106 1144 3157 Herodoto
1167 3107 1265 3156 relicta
1284 3115 1333 3152 esse

800 3173 964 3238 imperfecta
984 3179 1071 3224 morte
1089 3173 1204 3225 sellicet
1220 3182 1333 3237 oppresso

801 3246 883 3307 etque
897 3241 1041 3306 impedito,
1055 3256 1107 3306 quo
1120 3243 1212 3292 minus
1224 3241 1332 3291 ultimam

799 3309 878 3360 hisce
896 3309 1055 3360 admoveret
1072 3325 1193 3360 manum,
1225 3309 1332 3359 Commo·

800 3383 848 3428 vet
871 3393 914 3427 me
938 3377 1027 3441 ipsum
1050 3382 1257 3443 argumentum,
1282 3376 1331 3440 ipss

800 3446 904 3506 oratio,
923 3459 994 3510 quae
1011 3446 1106 3496 neseio
1124 3445 1191 3510 quid
1208 3444 1332 3496 hebetiu-

799 3512 931 3563 soleutius
942 3527 974 3564 ac
989 3513 1089 3575 durius,
1100 3514 1232 3564 videntur
1240 3517 1335 3563 sentem

799 3581 857 3630 ttae
875 3582 1049 3646 grammatici
1066 3580 1156 3631 seduli
1173 3582 1258 3648 opert
1275 3578 1331 3627 alio·

798 3663 857 3698 rum
869 3649 974 3713 scripta
988 3648 1165 3714 compilautis
1177 3649 1268 3716 potius
1280 3661 1333 3696 coa«

799 3721 896 3781 gestae
919 3731 1000 3781 quam
1023 3732 1056 3767 ex
1073 3716 1210 3768 Herodoti
1234 3715 1332 3782 ingenio

798 3785 951 3849 profectae.
985 3785 1043 3835 Nec
1064 3800 1132 3836 sane
1155 3785 1260 3836 liberas
1281 3794 1332 3833 esse

796 3852 932 3903 Herodoti
940 3853 1033 3903 Musas
1047 3854 1081 3903 ab
1091 3854 1249 3904 huiusmodi
1259 3853 1331 3902 iuter·
1399 3856 1400 3943 ρ

797 3920 982 3986 polationibus
1010 3922 1069 3970 sive
1093 3921 1330 3972 Grammaticorum

798 3989 1004 4053 additamenta,
1017 4004 1052 4039 ea
1061 3990 1209 4039 ostendere
1218 3989 1330 4055 posenni,

797 4072 866 4121 quae
880 4058 935 4106 iam
946 4072 1030 4121 supra
1043 4057 1078 4107 ud
1089 4057 1136 4119 VI,
1149 4057 1207 4107 122.
1222 4058 1279 4117 VH,
1291 4051 1331 4102 llll

796 4124 858 4174 coll.
870 4125 911 4187 ΙΙ,
925 4123 981 4175 116.
994 4125 1040 4174 117
1060 4125 1193 4175 adnotata
1205 4124 1329 4191 leguntur.

796 4192 873 4254 Quae
886 4193 986 4242 menda
997 4207 1059 4243 eum
1071 4193 1156 4243 libros
1166 4194 1330 4258 scriptosao·

795 4259 839 4309 bis
862 4266 988 4311 servatos
1016 4262 1182 4326 antiquitate
1208 4272 1330 4326 praescr·

795 4332 864 4391 tant,
871 4329 924 4378 hoc
934 4344 1039 4394 quoque
1049 4328 1110 4379 loco
1121 4329 1190 4379 certi
1202 4327 1266 4392 quid
1274 4338 1330 4375 con

794 4396 907 4447 stituers
928 4397 1009 4448 valde
1031 4396 1164 4447 lubricum
1189 4402 1233 4446 est
1254 4398 1329 4458 atque
