2866 5134
255 375 312 433 DE
336 373 441 434 VITA
462 375 519 432 ΕΤ
542 374 734 433 SCRIPTIS
755 373 992 435 HERODOTI.
1131 382 1191 441 475

77 562 119 597 sas
137 546 239 598 eandem
259 545 311 598 vim
330 563 362 597 ac
379 545 515 598 notionem
537 545 579 597 his
601 546 715 599 vocibus
733 545 831 599 tribuit
852 563 984 617 suamque
1006 548 1144 601 sentiendi
1165 555 1193 603 et

77 630 198 697 cogitandi
212 631 244 683 de
260 631 301 683 his
318 631 449 683 rationem
464 631 498 682 ab
513 630 671 683 Herodotea
689 631 801 684 notione
819 630 977 699 disiungere
993 633 1101 685 videtur
1111 628 1150 700 ¹⁸¹).

147 714 185 767 ‚ld
198 717 264 768 hanc
279 718 362 768 ferme
376 723 491 768 aetatem
506 715 679 768 Herodoteas
694 715 827 768 orationis
841 717 1032 785 exprimendae
1044 719 1192 771 studiosis-

75 798 205 863 simam**)
220 801 357 870 pertinere
374 818 485 870 quoque
499 800 630 852 ridentur
644 800 698 852 duo
714 800 814 869 libelli,
831 801 878 870 qui
893 802 953 855 sive
969 803 1029 855 iure
1045 805 1105 856 sira
1120 804 1192 856 iniu-

74 884 109 935 riri
123 885 186 937 inter
202 888 310 939 lauriani
323 885 427 954 scripta
444 884 525 953 vulgo
541 887 670 938 feruntur
688 883 815 955 aspicire
832 879 1010 956 ἀστρολογίης
1025 894 1052 939 et
1066 887 1129 956 usal
1144 891 1193 959 τῆς

74 971 163 1038 Συρίης
174 971 244 1024 θεοῦ
253 968 332 1039 ***):
355 970 457 1039 quippe
474 977 643 1022 constantem
657 971 831 1023 Herodoteas
852 970 959 1024 dialecti
975 973 1084 1025 lonicae
1105 974 1192 1026 imita-

74 1053 159 1107 tionem
175 1074 239 1124 prae
258 1074 288 1109 se
311 1056 420 1121 ierunt,
440 1072 511 1124 quae
527 1054 559 1106 ad
580 1055 654 1107 solas
670 1056 771 1108 formas
792 1056 928 1109 nominum
944 1074 976 1109 ac
990 1059 1135 1112 verborum
1152 1060 1192 1111 di-

73 1140 190 1209 cendiqne
206 1158 309 1208 genera
322 1140 457 1209 pertinet,
474 1158 490 1191 a
507 1139 627 1192 librariis
643 1148 726 1210 atque
742 1142 823 1193 etiam
836 1142 870 1193 ab
885 1141 1038 1216 editoribus
1057 1161 1145 1213 usque
1159 1145 1192 1197 ad

73 1232 177 1276 nostram
197 1231 312 1280 aetatem
332 1225 375 1277 hic
392 1225 447 1276 illic
463 1224 587 1292 neglecta
608 1242 640 1277 ac
659 1227 783 1279 deserta:
809 1226 837 1279 in
858 1243 914 1296 qua
928 1228 1103 1280 restituenda
1120 1230 1193 1281 docti

73 1308 116 1360 riri
130 1327 198 1362 nunc
211 1310 324 1363 maxime
339 1310 515 1364 elaborarunt
523 1311 566 1375 †).

142 1396 235 1465 Neque
252 1396 325 1448 inter
340 1394 515 1448 Christianos
530 1394 681 1463 scriptores
697 1395 841 1448 desierunt
854 1396 990 1449 Herodoti
1007 1397 1099 1450 studia
1115 1407 1191 1469 apte·

7 1516 8 1529 .
71 1480 165 1547 queis,
182 1481 229 1550 qni
246 1479 377 1532 historiae
394 1479 595 1532 ecclesiasticae
608 1480 725 1532 hahetur
740 1498 855 1549 pareus,
871 1484 998 1536 Eusebius
1009 1484 1193 1551 Caesariensis,

7 1596 9 1619 ;
70 1574 225 1634 conparatur
236 1582 297 1618 cum
307 1565 457 1631 Herodoto,
474 1564 714 1617 Halicarnassensi
727 1565 857 1619 historiae
869 1569 991 1619 Graecae
1003 1576 1118 1635 parente
1124 1569 1192 1635 ††):

7 1704 8 1707 Ἴ
70 1649 109 1718 qui
122 1666 278 1720 quamquam
292 1650 326 1702 de
341 1652 426 1702 rebus
440 1651 551 1702 maxime
566 1649 686 1702 diversis
702 1651 890 1720 scripserunt,
908 1653 936 1703 in
955 1671 987 1704 eo
1003 1660 1091 1705 tamen
1108 1654 1191 1706 simil-

7 1766 8 1769 =
70 1732 114 1785 limi
128 1735 177 1787 sihi
191 1735 464 1804 reperiuntur†††),
482 1734 555 1803 quod
571 1734 710 1787 scribendi
725 1735 867 1790 consilium
881 1737 909 1789 in
924 1744 1042 1807 utroque
1057 1738 1192 1807 scriptore

71 1819 97 1869 sd
111 1836 187 1872 unum
206 1821 335 1889 idemque
353 1823 412 1872 fere
434 1820 516 1871 rediit
531 1837 690 1889 omnemque
705 1828 854 1891 temporum
869 1823 1077 1891 praeteritorum
1093 1842 1191 1875 memo-

72 1903 123 1954 riam
136 1905 300 1975 complexum
314 1912 374 1973 est,
392 1905 432 1957 ita
446 1912 477 1957 ut
492 1904 561 1957 alter
576 1905 744 1958 Graecorum
759 1905 911 1959 libertatem
927 1924 942 1959 a
957 1906 1052 1959 Persis
1071 1908 1191 1961 vindica-

72 1996 120 2049 tun,
135 1991 243 2043 aeterni
260 1990 396 2043 hominum
410 1988 536 2042 memorii
550 1989 751 2057 dignissimam,
766 1991 836 2043 alter
851 1992 1034 2045 Christianam
1050 1993 1190 2046 eeclesiam

71 2090 96 2124 ex
108 2082 144 2126 tot
163 2075 306 2145 tantisque
330 2075 474 2127 eluctatam
494 2075 689 2127 certaminibus
713 2084 796 2145 atque
816 2076 928 2145 egregii
944 2077 1057 2147 potitam
1077 2080 1192 2132 viatoris

71 2156 237 2212 celebrandam
255 2161 308 2212 sibi
324 2161 487 2230 sumpserit:
511 2161 661 2225 accedunt,
683 2179 755 2230 quae
771 2162 807 2213 ad
823 2163 874 2213 hoe
889 2162 1032 2214 consilium
1047 2164 1190 2233 perficien-

70 2240 119 2294 dum
132 2244 157 2297 in
173 2254 293 2314 utroque
308 2245 444 2314 scriptore
457 2245 535 2314 paria
552 2251 704 2298 cernuntur
719 2247 812 2298 studia
827 2254 855 2299 et
870 2247 1024 2314 conamina,
1045 2249 1191 2318 utriusquae

71 2325 125 2379 fides
142 2329 167 2381 in
187 2330 274 2382 rebus
294 2331 404 2382 traditis
420 2331 512 2383 eadem
531 2331 589 2382 iere
605 2329 665 2397 lege
682 2331 850 2393 aestimando
861 2331 925 2400 Ἴ),
948 2334 1080 2402 ipsaeque
1096 2353 1141 2386 res
1157 2336 1191 2386 ab

73 2418 169 2482 utroque
189 2415 293 2467 relatae
303 2411 382 2481 Ἢ),
410 2433 481 2487 quae
503 2414 615 2468 similem
637 2417 695 2467 fere
710 2417 840 2469 exhibent
854 2417 997 2484 imaginem
1021 2419 1191 2489 eundemque

74 2494 118 2547 lere
138 2500 252 2552 colorem
281 2500 455 2570 habitumque
485 2500 605 2552 induunt
633 2506 717 2569 atque
743 2502 777 2553 ad
801 2501 913 2554 eandem
934 2502 1045 2555 divinae
1067 2503 1191 2556 institiae

76 2575 154 2647 legem,
178 2584 287 2637 anullo
309 2585 459 2638 mortalium
481 2586 592 2654 impune
607 2584 775 2654 violandam,
799 2586 1071 2654 revocantur***†).
1111 2589 1191 2652 Quae

79 2660 160 2731 singula
178 2670 294 2738 egregie
315 2678 479 2740 persecutus
501 2677 545 2722 est
560 2671 635 2723 Bnnr
651 2670 677 2723 in
694 2672 846 2723 aeamedica
867 2672 1032 2741 scriptione,
1059 2690 1131 2743 quae
1148 2674 1190 2726 in-

77 2749 194 2805 scribitur:
224 2754 432 2828 „Comparstnr
447 2755 588 2808 Eusebius
609 2756 815 2822 Caesariensis,
838 2756 969 2810 historiae
989 2756 1190 2811 ecclesiasticae

75 2849 166 2904 parens,
186 2857 247 2892 curn
264 2848 378 2909 parente
399 2840 588 2908 historiarum,
612 2841 753 2893 Herodoto
769 2841 1115 2911 Halicarnassensi.“*††)
1152 2845 1191 2895 Ut

75 2914 195 2982 igiturne
210 2924 334 2993 scriptor
351 2924 542 2978 celeberrimus
558 2943 618 2977 cura
634 2927 776 2978 Herodoto
791 2934 855 2996 apte
870 2928 1000 2980 contendi
1015 2936 1043 2980 et
1059 2929 1190 2997 coniungi

71 3012 159 3073 potest,
178 3009 216 3061 ita
230 3010 279 3061 alii
297 3016 325 3062 et
346 3012 499 3062 sententias
520 3019 547 3063 et
568 3029 650 3063 voces
671 3011 881 3082 locutionesque
904 3014 1077 3065 Herodoteas
1098 3014 1189 3083 expri-

123 3222 148 3285 ’ἢ
161 3226 219 3277 Vid.
234 3228 270 3277 dc
284 3228 327 3277 his
341 3233 497 3278 monentem
511 3228 767 3293 GustKruegerum
778 3229 806 3278 in
815 3229 1020 3295 Theologumrn.
1033 3232 1189 3281 Pausaniae

72 3286 179 3354 [Lipsiae
194 3294 270 3358 lssliO)
285 3311 347 3360 pag.
360 3295 393 3345 34
405 3312 480 3360 seqq.

121 3355 160 3425 ἢ)
177 3363 254 3425 Quod
271 3364 315 3413 vel
328 3380 342 3411 6
355 3364 471 3415 Lucian.
484 3365 526 3413 Da
540 3363 634 3413 histor.
651 3365 787 3415 conscrib.
803 3363 977 3430 recolligas,
995 3365 1043 3415 ubi
1056 3365 1189 3416 Herodoti

69 3421 216 3480 imitatorem
230 3434 260 3480 in
273 3447 384 3481 scenam
398 3432 475 3496 quasi
487 3430 614 3496 produxit
626 3431 778 3481 ridendum.
1104 3488 1108 3493 ,

69 3556 74 3567 ,
121 3491 173 3562 ¹²⁸]
190 3499 329 3549 Libellum
348 3500 380 3548 de
393 3501 533 3564 astrologia
545 3499 703 3564 plerumque
717 3501 842 3549 Lucieno
859 3500 1021 3550 abiudienut
1038 3501 1110 3551 haud
1128 3502 1188 3552 sine

68 3564 128 3611 ruste
139 3580 234 3616 cansa:
255 3567 369 3617 alterins
381 3567 470 3617 libelli
484 3567 517 3617 de
530 3568 591 3616 Dea
604 3566 684 3629 Syria
696 3569 849 3617 Lucianum
862 3584 960 3618 revera
974 3574 1113 3619 auctorem
1127 3586 1187 3620 esse

67 3629 163 3681 credere
181 3635 274 3685 malim
293 3651 353 3684 cum
366 3634 533 3697 Fritzschio,
553 3632 726 3697 Lehmanno,
749 3634 824 3697 aliis3
843 3637 898 3686 vid.
911 3637 1062 3686 Lehmann.
1076 3638 1188 3690 Annott.

68 3692 95 3741 td
105 3697 213 3752 Lucina.
227 3704 275 3752 IX.
288 3719 352 3768 pag.
365 3702 424 3753 383.

121 3764 150 3829 †]
168 3766 228 3819 Vid.
246 3772 416 3835 potissimum
435 3770 507 3821 Guil.
525 3770 652 3821 Diudorf.
671 3772 699 3820 in
717 3770 900 3824 Commentnt.
918 3773 951 3823 de
970 3773 1081 3823 dialect.
1101 3775 1187 3825 lania.

67 3824 183 3886 Herodot.
196 3854 260 3903 pag.
273 3839 360 3888 XLIV
373 3855 449 3904 seqq.
1013 3891 1017 3903 ,

121 3900 169 3967 ††)
187 3906 311 3956 Instituit
333 3906 404 3956 hanc
427 3905 660 3972 comparationem
682 3908 761 3956 Ferd.
782 3906 881 3959 Christ.
900 3910 975 3960 Barrr
997 3909 1024 3958 in
1047 3926 1188 3976 program-

66 3972 127 4017 mate
139 3970 306 4041 Tubingensi
320 3976 386 4024 anni
401 3973 473 4025 1834.

122 4037 189 4105 †††)
202 4041 264 4091 Vid.
279 4043 353 4092 Banr
365 4059 428 4108 pag.
441 4042 457 4091 9
470 4058 545 4107 seqq.
559 4041 589 4090 21
605 4058 680 4107 seqq.

122 4100 166 4167 *ἢ
183 4108 242 4158 vid.
255 4111 331 4159 Baur
342 4127 405 4176 pag.
418 4110 451 4161 ⁶23
464 4126 540 4175 seqq.

122 4167 180 4235 ⁴2i)
197 4176 260 4227 Vid.
272 4178 346 4227 Bsur
358 4195 420 4243 pag.
435 4178 467 4229 35
480 4193 556 4243 seqq.

121 4235 194 4307 mi)
211 4244 272 4295 Vid.
285 4246 360 4295 Bsnr
371 4262 434 4311 pag.
448 4246 490 4296 46.

122 4303 185 4426 Ἧι)
197 4311 240 4360 cf.
248 4329 317 4378 queo
328 4314 409 4364 retuli
419 4315 452 4364 de
463 4314 516 4365 hac
528 4315 678 4380 scriptione
691 4317 733 4364 in:
746 4317 762 4365 J
767 4316 862 4366 uhrbb.
874 4316 1185 4384 s.Phi1010g.Vol.xV1.

66 4382 120 4435 pag,
146 4383 152 4396 “
189 4394 246 4444 seq.
