2932 5124
460 382 723 443 CALLIOPE.
745 384 803 442 IX.
831 394 873 446 10.
1174 386 1236 449 233

93 564 149 646 νίη
174 559 224 649 τῷ
240 554 474 645 Κλεομβρότου
493 558 726 643 ἐπιτρέψαντες
751 553 886 644 ἐξάγειν.
919 552 1066 644 Ἐμίνετο
1088 559 1150 645 μίν
1172 585 1237 627 νυν

95 654 295 748 ἡὴγεμονίη
321 655 551 747 Πλειστάρχου
577 661 638 727 τοῦ
664 662 857 728 Λεωνίδεω·
892 653 961 727 ἀλλ’
988 653 1006 727 ὁ
1033 659 1094 748 μὲν
1121 648 1163 746 ἦν
1190 666 1237 728 ἔτι

95 778 191 843 ταῖς,
222 755 242 829 ὁ
267 761 305 829 δὲ
328 758 449 830 τούτου
473 758 648 849 ἐπίτροπός
671 787 707 829 τε
730 761 785 829 καὶ
809 755 954 841 ἀνεψιός.
1008 757 1238 849 Κλεόμβροτος

95 859 167 951 γὰρ,
187 856 207 931 ὁ
225 869 428 932 Παυσανίεω
446 862 508 951 μὲν
525 858 643 950 πατὴρ,
668 857 941 950 Ἀναξανδρίδεω
961 862 997 932 δὲ
1016 870 1109 949 ταῖς,
1128 858 1238 932 οὐκέτι
1259 938 1263 945 ,

96 965 229 1052 περιῆν·
266 960 351 1032 ιἰίλά
372 958 555 1051 ἄπαγαγών
580 966 615 1032 εἰι
638 971 697 1033 τοῦ
717 959 853 1052 Ἰσθμοῦ
869 960 930 1051 τὴν
947 960 1106 1053 στρατιὴν
1122 960 1184 1052 τὴν
1201 961 1238 1034 τό

96 1081 201 1154 τεῖχος
229 1069 408 1153 δείμασαν,
443 1061 525 1154 μετὰ
549 1069 655 1134 ταῦτα
680 1061 721 1134 οὐ
748 1062 872 1135 πολλὸν
897 1059 1018 1154 χρόνον
1043 1061 1117 1135 τινὰ
1143 1064 1238 1153 βιούς

96 1163 255 1236 ἀπέθανε.
273 1161 381 1254 ίπημε
400 1167 437 1236 dl
454 1163 515 1254 τὴν
532 1164 690 1256 στρατιὴν
707 1162 725 1236 ὁ
743 1164 972 1257 Κλεόμβροτος
986 1169 1021 1236 ἐκ
1034 1171 1096 1237 τοῦ
1103 1164 1240 1258 Ἰσθμοῦ

98 1265 150 1337 διὰ
174 1267 270 1338 τόδε·
294 1271 452 1360 θυομένῳ
469 1273 504 1338 oi
520 1271 572 1337 ἐπὶ
591 1272 638 1362 τῷ
655 1270 770 1357 Πέρση
787 1263 805 1338 ὁ
824 1264 914 1355 ἥλιος
931 1265 1119 1357 ἀμαυρώθη
1138 1273 1175 1339 ἐν
1192 1274 1239 1362 τῷ

97 1366 239 1463 οὐρανῷ.
270 1372 499 1460 προσαιρέεται
519 1370 555 1439 δὲ
575 1373 691 1464 ἑωυτῷ
707 1377 904 1459 Παυσανίης
921 1366 1161 1461 Εὐρυάνακτα,
1180 1369 1238 1441 τὸν

97 1569 210 1621 veriam.
229 1567 480 1633 ρ.127.ιιο1.)1ιοο
497 1560 642 1634 νεοδαμιί·
692 1566 731 1634 τῷ
743 1562 854 1634 Πέρση,
873 1569 1033 1634 quibuscum
1052 1570 1126 1619 coni.
1139 1571 1176 1633 V,
1195 1571 1237 1631 44,

98 1634 154 1694 dete
177 1651 240 1686 cnm
258 1636 367 1687 Helotis
391 1637 487 1687 crebro
508 1638 641 1688 conlundi
692 1638 753 1687 nbi:
782 1631 918 1701 θυομένῳ
943 1627 990 1688 tul
1013 1634 1159 1701 Κρότωνα,
1196 1639 1238 1688 Τιι

97 1704 227 1765 dieentis3
252 1719 341 1768 neque
364 1705 436 1755 enim
458 1703 517 1755 nlla
539 1705 641 1756 mentio
691 1705 748 1756 vid.
762 1705 850 1755 allata
863 1705 897 1754 ad
910 1706 961 1767 Vl,
975 1705 1016 1754 74.

97 1772 293 1825 neodamodum
316 1772 388 1837 apud
412 1789 458 1823 eos
482 1773 639 1839 scriptores,
726 1763 741 1822 ὁ
754 1761 833 1838 ἥλιος
843 1766 1007 1837 ἀμαυρώθη
1018 1764 1049 1822 ἐν
1060 1770 1100 1836 τῷ
1112 1761 1236 1837 οὐρανῷ]

97 1840 139 1904 qui
150 1855 196 1890 res
207 1839 277 1890 belli
289 1840 522 1905 Peloponnesiaci
536 1842 640 1907 priores
692 1841 790 1891 Refert
805 1841 940 1890 Petavius
957 1841 1063 1899 (Doetr.
1084 1846 1185 1906 tempp.
1200 1842 1237 1903 il,

95 1912 253 1968 narrarunt,
267 1912 298 1957 ut
310 1912 386 1958 recte
399 1909 529 1959 observat
541 1909 641 1959 Sohoe·
692 1909 745 1970 25),
758 1909 831 1959 hunc
844 1907 912 1958 solis
924 1909 1063 1957 defectum
1074 1908 1109 1957 ad
1122 1907 1238 1959 alterurn

96 1990 208 2025 manuus
237 1975 272 2025 de
301 1975 353 2025 hoc
383 1992 511 2026 uovorum
539 1978 640 2027 civium
691 1979 794 2026 mensis
807 1975 920 2026 Octobr.
933 1977 1005 2025 diem
1024 1974 1165 2037 eunitae,
1186 1991 1238 2041 quo

97 2058 195 2107 genere
211 2042 336 2108 pluribus
351 2044 495 2108 disputans
513 2045 541 2094 in
553 2046 640 2095 Reco-
692 2044 737 2094 die
751 2045 786 2094 ad
798 2044 940 2094 Salamina
953 2048 1103 2110 pugnatum
1116 2060 1177 2094 esse
1190 2060 1238 2094 nc·

97 2111 218 2173 gnitione
244 2111 415 2176 quaestionis
439 2113 472 2162 de
495 2112 640 2178 Spartanis
692 2113 827 2178 cepimus,
847 2117 875 2162 et
888 2112 996 2177 quidem
1009 2112 1077 2162 hora
1088 2114 1143 2161 una
1157 2117 1184 2161 et
1197 2112 1237 2162 nl·

97 2178 225 2229 Homoeis
242 2178 449 2244 (Gryphisvald.
463 2179 538 2243 1855)
556 2197 582 2246 p.
599 2180 638 2230 19.
691 2182 777 2231 terina
790 2180 903 2230 dimidio
921 2185 983 2246 post
994 2180 1088 2230 horam
1102 2181 1237 2230 decimam

97 2246 151 2297 Nee
173 2247 267 2312 magis
290 2246 357 2296 mihi
379 2249 517 2312 persuasit
540 2248 570 2298 C.
592 2250 639 2298 Fr.
690 2248 897 2313 praeterlapsis.
934 2248 1009 2298 Idem
1028 2263 1115 2298 annus
1127 2248 1239 2313 ponitur

97 2314 270 2364 Hermaunns
286 2313 347 2376 (ll.
366 2317 391 2376 θ.
404 2313 446 2364 28.
464 2321 520 2366 not.
534 2316 573 2378 7),
593 2317 640 2382 qui
690 2316 732 2365 in:
750 2316 820 2366 l’nrt
837 2316 870 2366 de
888 2316 999 2365 verifier
1014 2316 1056 2365 les
1073 2317 1152 2365 dates
1169 2318 1200 2365 Ρ.
1214 2317 1236 2365 Ι.

98 2398 128 2430 ex
139 2382 258 2447 eoquod
264 2381 395 2447 Spartani
406 2385 528 2448 septenis
537 2383 642 2449 singuli
692 2384 724 2432 T.
739 2384 760 2432 1.
773 2399 838 2449 pag.
850 2383 908 2433 254.
937 2383 1025 2444 Quem
1037 2399 1103 2434 vero
1114 2384 1236 2433 Larohe·

97 2449 202 2500 Helotis
213 2450 312 2515 stipati
324 2451 463 2511 exierunt,
483 2452 511 2501 in
524 2451 641 2515 singulis
692 2467 738 2501 rus
750 2451 902 2513 consuluit,
915 2449 1018 2515 Pingrd
1030 2451 1116 2501 Paris.
1130 2450 1235 2500 Acade·

99 2517 187 2566 lundis
214 2522 347 2582 septenas
369 2518 531 2569 Helotarum
560 2520 641 2569 iami-
691 2519 764 2568 miae
777 2519 954 2583 adscriptum,
967 2520 992 2567 is
1001 2518 1185 2568 defectionem
1196 2534 1236 2567 ra·

98 2584 152 2634 lias
160 2584 303 2635 habitasse
313 2585 428 2651 colligit,
440 2587 522 2652 idque
531 2587 640 2639 omnino
693 2588 747 2637 lert
760 2587 795 2637 ad
809 2586 925 2636 alterum
935 2585 1156 2635 mensisOctobr.
1165 2585 1238 2635 diem

99 2652 132 2702 sd
150 2668 207 2702 earn
222 2655 406 2715 seutentiam,
431 2655 562 2719 quamde
580 2654 640 2705 fun-
693 2655 758 2705 anni
777 2652 840 2703 479:
867 2652 938 2719 quod
961 2653 1033 2703 idem
1055 2652 1137 2703 alteri
1156 2653 1238 2703 Gallo

99 2720 187 2770 dorum
207 2720 407 2786 Spartanorum
434 2722 590 2773 stabilitate
613 2728 641 2774 et
691 2722 847 2786 interpreti,
873 2721 956 2781 Miot,
982 2720 1123 2786 placuisse
1146 2721 1237 2773 video.

101 2788 268 2853 aequalitate
284 2790 440 2855 proposuit,
458 2791 640 2842 reserrivnlt:
691 2790 829 2853 Seyfferth
854 2788 893 2851 (in
916 2788 1032 2839 Jahrbb.
1058 2788 1078 2838 f.
1101 2788 1236 2851 Philolog.

101 2856 135 2904 ci.
147 2858 209 2906 Anti
229 2858 295 2909 uitt.
308 2858 432 2907 Laconn.
445 2873 509 2923 pag.
522 2856 580 2909 201.
692 2857 784 2923 8ορμ1.
798 2858 822 2906 V
824 2857 860 2907 ol.
872 2857 944 2906 xlv.
958 2873 985 2922 p.
997 2854 1058 2921 802)
1077 2857 1105 2906 in
1123 2856 1237 2923 primum

132 2872 343 2989 ἐπιτρίψαντες]
357 2926 401 2975 Ita
413 2941 429 2975 e
442 2925 547 2975 duobus
560 2925 640 2977 codd.
691 2926 763 2976 diem
777 2925 894 2989 Augusti
908 2924 974 2974 anni
986 2924 1036 2973 477
1054 2929 1118 2974 ante
1133 2924 1195 2974 Chr.
1209 2939 1236 2973 n.

101 2991 181 3041 edidit
189 2992 358 3057 Wesseliug.
366 2993 512 3043 conferens
522 2994 573 3056 111,
583 2992 639 3044 155.
691 2994 764 3043 hanc
791 2991 907 3058 eclipsin
935 2991 1035 3042 cadere
1059 2992 1130 3043 vult:
1166 3007 1237 3057 quae

101 3058 207 3117 vlint
245 3061 278 3110 ln
290 3060 454 3110 Florentino
466 3061 583 3126 aliisque
597 3078 641 3111 ex·
692 3061 843 3111 coniuncta
864 3064 927 3111 sunt
948 3075 1009 3110 curn
1033 3075 1068 3110 ea
1088 3060 1237 3117 sententia,

102 3132 153 3175 stat
164 3119 357 3190 ἐπιτάξαντες.
388 3129 443 3178 Ρτο
456 3129 570 3195 vulgata
584 3120 639 3193 ἐνί·
693 3144 773 3194 ροισι
792 3129 826 3179 de
845 3127 934 3178 altera
951 3127 1018 3178 solis
1030 3128 1188 3193 deiectione
1202 3128 1237 3177 ab

102 3208 169 3255 νετο,
180 3211 260 3260 quam
290 3202 333 3246 ost
341 3196 521 3247 Sehaeferum
531 3202 644 3247 tuentur
695 3197 790 3248 eodem
807 3198 866 3246 viro
878 3195 959 3246 docto
971 3196 1107 3261 prolatam
1119 3196 1238 3245 vidimus

103 3262 250 3323 nieme
293 3279 331 3325 er,
338 3264 640 3328 Dindori.etDietsoh.‚
695 3266 729 3314 ad
739 3265 801 3325 VII,
814 3262 855 3316 37.
873 3262 982 3312 Nullam
993 3277 1102 3327 prorsus
1113 3261 1179 3313 solia
1192 3263 1237 3312 de·

103 3330 221 3393 equidem
239 3346 302 3382 cnm
315 3330 429 3396 reliquis
442 3332 506 3382 dedi
519 3323 641 3396 ἐγένετο,
694 3333 843 3382 sectionem
860 3330 906 3380 hic
924 3330 1042 3380 indicari
1054 3330 1153 3379 statuit
1164 3329 1237 3379 Zeeh

104 3397 300 3461 sFlorentino,
320 3398 460 3450 Sancrofti
471 3400 557 3463 libro,
577 3400 641 3452 aliis
691 3398 882 3462 (Preisschrist
893 3399 919 3447 d.
930 3396 1070 3447 lablonsk.
1084 3395 1238 3447 Gesellsch.

104 3463 220 3516 allatum.
692 3468 739 3517 IV.
751 3464 855 3532 pagld
866 3470 906 3515 et:
921 3463 1239 3530 Comespondenzbl.iiir

135 3523 324 3597 ίιτίτροτιόςτε
340 3527 535 3601 ιιαίιίνεψιός]
561 3535 643 3598 Quod
693 3536 718 3585 d.
733 3534 853 3585 Schuleu
864 3531 1239 3598 Wiirtembergs.1854.pag.

104 3599 169 3650 idem
191 3603 257 3653 olim
284 3604 312 3653 in
333 3604 463 3669 Lycurgo
490 3603 642 3654 obtinuisse
693 3602 751 3665 43).
770 3618 830 3652 cum
843 3617 910 3651 vera
927 3600 1048 3651 deiectio
1064 3599 1238 3651 solisverbis

104 3666 223 3721 discimus
240 3687 275 3721 ex
292 3670 492 3731 Herodhtid.
527 3671 641 3722 Succes-
693 3662 808 3736 ὁῆλιος
824 3659 987 3733 α’μαυριίθη
1005 3669 1116 3718 minime
1134 3667 1238 3733 signifi·

105 3743 173 3786 serat
192 3739 319 3789 nimirum
341 3739 504 3789 Plistoanax
527 3739 641 3790 Plistar·
693 3740 751 3789 cari
764 3737 884 3804 potnerit
896 3752 913 3788 a
925 3737 1037 3797 Nostro,
1056 3735 1139 3786 aliter
1151 3737 1179 3786 id
1192 3752 1238 3786 ex·

106 3802 165 3861 eho.
182 3808 227 3870 qui
238 3807 319 3873 regni
330 3808 412 3858 initio
425 3807 541 3858 abierat.
577 3807 639 3857 Vid.
692 3809 827 3871 primente
840 3804 888 3868 (ci.
900 3808 969 3855 nott.
981 3804 1016 3854 ad
1028 3806 1055 3865 I,
1069 3804 1125 3867 74),
1145 3808 1174 3854 et
1185 3805 1238 3853 hoc

105 3869 215 3924 Pansae.
227 3874 279 3935 111,
291 3874 317 3927 5.
329 3876 353 3936 ἕ.
369 3874 381 3924 1
396 3874 459 3926 coll.
470 3876 524 3937 Ill,
539 3877 563 3927 4.
576 3876 600 3936 ἕ.
614 3875 639 3925 7.
691 3873 754 3924 loco
770 3874 929 3925 υίιεεαναίιαιι
946 3871 1039 3936 aliquo
1056 3872 1136 3922 modo
1152 3872 1238 3921 solem

105 3939 186 3990 -De
199 3942 355 3993 Cleombroto
367 3943 421 3995 vid.
435 3943 512 4004 vm,
527 3943 574 4003 71,
592 3944 641 3993 ubi
692 3942 868 4001 declarante,
893 3941 951 3991 sive
970 3940 1057 3999 fumo,
1083 3940 1143 3990 sive
1160 3939 1238 3989 unbi-

107 4004 447 4077 domoquoqueinnotis
457 4012 642 4075 exposuimus.
693 4010 757 4071 bus,
781 4010 840 4059 sive
859 4007 914 4059 alio
932 4024 984 4073 quo
1002 4007 1080 4057 modo
1104 4007 1132 4056 id
1149 4007 1239 4056 subito

107 4073 148 4122 De
159 4088 204 4125 usn
214 4079 315 4142 partini
334 4079 356 4127 ii
368 4077 427 4129 θυο
450 4071 505 4141 ivo)
517 4079 642 4143 exposuit
694 4078 799 4127 santum
813 4076 904 4137 fuerit,
920 4076 990 4142 qnod
999 4080 1104 4126 terrore
1113 4074 1238 4127 homines

107 4139 227 4194 Kuehner
242 4146 289 4195 Gr.
328 4163 350 4197 r.
367 4147 390 4207 ἕ.
442 4145 467 4204 1,
480 4146 507 4207 b,
520 4147 641 4211 itemque
694 4145 862 4210 impleverit,
880 4149 1012 4208 tanquam
1024 4141 1178 4208 prodigium
1192 4146 1239 4192 aut

106 4206 197 4260 nant.
214 4212 259 4263 Gr.
277 4212 324 4263 Gr.
341 4215 366 4275 8.
379 4211 443 4275 888,
457 4230 482 4264 c.
500 4215 524 4275 5.
538 4212 600 4276 582,
614 4213 639 4277 2,
692 4217 857 4278 portentum.
889 4212 943 4262 Sed
966 4215 1079 4276 propter
1099 4209 1127 4259 id
1148 4211 1238 4275 ipsum

108 4276 155 4339 qui
172 4278 237 4329 idem
254 4283 278 4342 5.
296 4279 347 4332 585
364 4281 411 4331 fin.
431 4280 591 4333 consulatur
607 4281 641 4331 de
693 4280 831 4340 existimo,
855 4280 889 4329 de
906 4294 974 4329 vera
996 4278 1063 4329 solis
1080 4277 1238 4327 defectione

107 4356 157 4391 usu
166 4349 372 4414 praepositionis
390 4340 437 4400 lul
448 4350 477 4399 in
489 4348 581 4400 verbis
594 4339 641 4399 iat
693 4353 742 4398 ant
758 4348 842 4399 simili
859 4347 977 4413 quadam
993 4362 1036 4408 re,
1063 4360 1134 4411 qnae
1152 4343 1238 4395 solem
