2866 5134
227 403 288 465 434
636 397 951 459 COMMENTATIO

229 574 287 626 166.
312 570 371 624 Vol.
388 572 411 624 Ι.
434 590 462 641 p.
478 575 528 626 317
552 570 613 623 οοΙΙ.
630 570 684 639 Vl,
700 574 742 626 37.
766 570 825 624 Vol.
842 571 894 625 ΙΙΙ.
910 589 974 641 pag.
991 575 1042 626 269
1065 579 1147 641 atque
1170 572 1204 625 de
1218 573 1353 637 Hellauiea,

228 656 307 708 cuius
322 655 408 708 libros
421 665 452 708 nt
462 656 603 710 Herodoto
615 655 742 725 cognitos
754 656 857 707 iuissse
870 661 1002 723 statuam,
1020 657 1243 727 quemadmodum
1254 658 1356 728 quibus·

226 740 285 793 darn
301 741 438 810 placuisse
456 742 546 809 video,
562 743 611 793 abs
627 758 668 792 me
679 741 823 809 impetrare
839 741 910 793 baud
924 758 1047 811 possum,
1065 759 1124 794 cum
1138 748 1215 795 certa
1229 742 1306 795 buius
1321 743 1357 795 rei

226 825 327 878 indicia
352 826 443 880 desint
470 827 574 879 omnia:
600 827 676 879 immo
702 832 776 877 recte
798 825 860 877 mibi
878 834 1002 879 statuere
1018 827 1129 880 videtur
1144 827 1301 882 Dablmauu.
1317 828 1357 898 (in

224 910 358 963 Herodot.
375 930 403 981 p.
422 912 496 978 127),
520 917 548 965 et
562 910 746 974 Hellanicum,
768 910 816 980 qui
831 911 972 963 Herodoto
989 912 1043 965 snit
1058 930 1113 964 non
1128 913 1212 965 multo
1228 911 1357 980 iunior*)‚

179 1014 186 1027 ·
225 1004 253 1047 et
272 995 443 1049 Herodotum
464 997 503 1048 ita
528 995 693 1066 scripsisse,
715 1001 747 1046 ut
768 1002 867 1047 neuter
889 996 1004 1049 alterius
1021 997 1125 1067 scripta
1139 997 1249 1066 cognita
1265 996 1357 1051 babue-

229 1079 325 1147 ritu).
358 1081 421 1143 Quo
446 1088 474 1135 et
495 1081 563 1133 illud
583 1081 662 1146 iacit,
685 1079 759 1151 quod
779 1079 918 1132 Sturzium
941 1081 975 1133 ad
991 1081 1126 1134 Hellanici
1149 1084 1270 1151 fragmm.
1284 1099 1310 1151 p.
1328 1082 1359 1135 16

226 1166 391 1218 observasse
399 1168 493 1219 video:
505 1165 675 1218 Herodotum
682 1164 797 1233 primum
808 1164 862 1216 sibi
873 1165 960 1218 videri
974 1184 1112 1236 exponere
1123 1167 1157 1220 de
1169 1168 1359 1220 constitutione

226 1249 395 1319 reipublicae
417 1251 570 1304 Laconicae
593 1248 639 1315 Vl,
656 1252 699 1315 55,
716 1249 841 1317 quamvis
861 1268 877 1300 e
897 1251 1034 1303 Strabone
1049 1258 1158 1320 pateat,
1176 1252 1229 1305 iam
1242 1251 1359 1304 Hellani-

223 1351 283 1387 cum
303 1353 336 1388 ea
355 1335 388 1388 de
403 1354 432 1388 re
447 1335 548 1403 egisse.
572 1335 663 1402 Atque
678 1332 748 1385 idem
764 1333 894 1387 Sturzius
912 1335 929 1387 Ι.
948 1334 965 1387 Ι.
980 1354 1008 1405 p.
1028 1339 1130 1390 13-16
1151 1336 1217 1390 talia
1236 1338 1361 1404 rueme

224 1419 325 1489 quibus
357 1420 527 1472 Herodotum
555 1418 649 1488 potius
681 1418 715 1470 ab
743 1416 886 1493 lelanioo
912 1421 1084 1490 compilatum
1108 1421 1198 1474 fuisse
1223 1420 1359 1478 coniicias.

222 1503 295 1556 Hinc
321 1522 388 1556 vero
413 1503 589 1557 diiudicanda
606 1510 696 1568 erunt,
723 1519 795 1572 quae
809 1503 964 1572 Dionysius
983 1505 1241 1559 Halicarnassensis
1262 1506 1295 1557 ad
1309 1505 1359 1560 Cn.

224 1587 344 1657 Pompei.
361 1607 388 1657 p.
409 1592 459 1643 128
481 1588 608 1657 scripsit:
622 1581 882 1655 Ἡρόδοτος-των
902 1584 967 1657 πρὸ
990 1582 1098 1643 αὐτοῦ
1116 1587 1297 1661 συγγραφέων
1319 1609 1359 1658 γε·

222 1671 345 1741 νομένων
360 1667 520 1728 Ἑλλανίκου
543 1668 573 1726 δὲ
595 1672 643 1726 καὶ
661 1666 796 1740 Χάρωνος
815 1666 867 1741 τὴν
888 1667 978 1743 αὐτὴν
999 1668 1140 1729 ὑπόθεσιν
1156 1662 1357 1745 προεκδεδωκό-

221 1777 277 1810 των
292 1751 344 1812 οὐκ
359 1750 541 1829 ἀπετράπετο,
557 1751 617 1811 ἀλλ’
632 1752 791 1812 ἐπίστευσεν
805 1750 898 1810 αὐτῶν
912 1754 1040 1828 κρεῖσσόν
1053 1778 1080 1813 τι
1094 1754 1219 1831 ἐξοίσειν,
1233 1752 1301 1827 ὅπερ
1315 1759 1357 1814 sal

221 1844 365 1913 πεποίηκε.
392 1845 503 1907 Quibus
526 1844 637 1896 obstare
652 1842 792 1909 ridentur,
808 1859 879 1914 quae
895 1861 927 1897 ex
944 1844 1100 1915 Porphyris
1122 1847 1209 1898 refert
1221 1845 1360 1898 Eusebius

224 1928 251 1980 in
266 1927 426 1998 Praeparat.
443 1927 578 1996 Evangel.
598 1927 632 1995 ΙΙ,
653 1930 678 1982 3.
695 1944 759 1997 pag.
780 1930 832 1981 466
852 1928 901 1997 (Τ.
917 1929 956 1981 ΙΙ.
972 1948 1000 1999 p.
1017 1933 1069 1983 456
1084 1930 1259 1996 Gaisford.):
1275 1928 1324 1982 sai
1338 1933 1366 1984 τί

220 2006 287 2082 ὑμῖν
309 2010 390 2085 λέγω,
413 2008 451 2076 ὡς
469 2009 504 2067 τὰ
526 2006 681 2085 βαρβαρικὰ
703 2006 808 2082 νόμιμα
822 2005 983 2067 Ἑλλανίκου
1007 2008 1038 2068 ἔτι
1057 2014 1114 2068 τῶν
1135 2007 1289 2082 Ἡροδότου
1314 2013 1364 2067 sal

220 2091 355 2167 Δαμάσου
384 2099 449 2167 (leg.
468 2091 651 2167 Aepoiosoa3
679 2114 740 2150 nam
756 2092 906 2167 Δαμάστης
923 2098 1059 2152 Hellanici
1085 2098 1238 2168 discipulus
1263 2099 1366 2153 dicitur

221 2182 294 2251 apud
306 2182 418 2235 Saidam
434 2202 457 2235 s.
479 2201 503 2235 r.
520 2176 683 2252 Δαμάστης)
698 2184 848 2252 συνῆκταιτ
868 2183 941 2235 unde
955 2184 1091 2237 Herodoti
1114 2184 1218 2237 scrinia
1238 2184 1364 2237 Hellani-

221 2284 280 2319 cnm
307 2267 468 2337 compilasse
493 2286 525 2320 eo
550 2268 636 2336 magis
652 2266 765 2335 credas,
790 2267 865 2337 quod
881 2286 948 2321 sane
964 2267 1096 2321 nonnulla
1110 2286 1143 2321 ex
1164 2268 1215 2321 hoc
1228 2268 1365 2321 Hellenici

223 2370 306 2423 opere
327 2355 522 2422 proferuntur,
548 2370 607 2405 cum
627 2352 794 2405 Herodoteis
820 2353 859 2405 ita
881 2353 1073 2422 congruentia,
1098 2353 1207 2407 atinde
1225 2353 1309 2406 ducta
1323 2355 1366 2407 ri·

220 2438 354 2490 deantur:
369 2439 418 2491 sed
436 2438 505 2491 satis
519 2438 674 2507 probarunt
688 2436 741 2488 viri
757 2437 830 2489 docti
846 2437 962 2507 (Mulier
979 2439 1114 2507 Fragmm.
1132 2438 1196 2490 bist.
1221 2438 1325 2490 Graec.
1341 2439 1364 2494 Ι.

220 2540 247 2592 p.
269 2521 342 2574 ΙΙΙΙΧ
360 2541 448 2593 seqq,
471 2521 576 2575 Preller
600 2523 642 2575 De
656 2521 798 2574 Hellanico
815 2522 917 2574 Lesbio
942 2540 970 2592 p.
991 2525 1018 2587 5,
1039 2524 1072 2574 A.
1095 2522 1130 2574 de
1154 2523 1318 2576 Gutscbruid
1337 2524 1365 2576 ia

220 2606 355 2675 Philolog.
376 2607 410 2660 ΙΙ.
432 2626 459 2676 p.
483 2609 533 2661 538
550 2610 623 2678 seq.)
644 2606 754 2677 ipsique
773 2607 826 2659 iam
846 2623 931 2676 supra
946 2607 974 2659 in
990 2615 1062 2659 nott.
1078 2606 1112 2658 ad
1127 2606 1175 2674 IV,
1195 2609 1230 2661 65
1246 2607 1311 2660 Vol.
1326 2608 1366 2660 ΙΙ.

219 2709 247 2760 p.
263 2694 315 2744 486
330 2692 493 2759 monuimus,
509 2692 552 2744 bic
568 2691 742 2760 cogitandum
754 2709 817 2744 esse
831 2691 865 2743 de
879 2691 1044 2761 posterioris
1061 2692 1159 2745 aetatis
1178 2709 1273 2760 opere,
1290 2692 1368 2762 quod

220 2777 272 2828 sub
300 2776 370 2829 salso
386 2776 522 2828 Hellanici
545 2777 653 2829 nomine
679 2775 819 2845 vulgatum
845 2783 897 2828 est.
931 2776 1028 2845 Itaque
1044 2776 1072 2828 io
1095 2794 1128 2829 aa
1147 2776 1368 2847 seutentisper-

220 2860 299 2929 sisto,
316 2868 348 2912 ut
361 2878 452 2931 neque
469 2861 639 2913 Herodotum
660 2861 694 2912 ab
708 2860 861 2925 Hellanico,
879 2877 969 2930 neque
984 2860 1155 2914 Hellanicum
1170 2862 1203 2912 ab
1219 2860 1369 2914 Herodoto

219 2944 368 2998 adhibitum
394 2964 457 2998 esse
482 2945 641 3000 existimem.
676 2948 806 2999 Cadmum
826 2946 968 3013 Milesiam,
996 2962 1079 2999 unum
1105 2964 1120 2998 e
1143 2945 1245 3015 prioris
1261 2947 1370 2999 aetatis

219 3028 406 3100 logographis,
424 3047 486 3082 num
502 3030 661 3083 Herodotus
677 3030 786 3083 noverit
800 3039 883 3102 atquc
901 3029 928 3082 in
945 3048 1028 3100 opere
1045 3047 1107 3097 sno,
1127 3031 1173 3082 ubi
1189 3030 1366 3100 deAegypto

219 3113 350 3185 disputat,
367 3114 530 3184 respexerit,
546 3115 618 3167 baad
631 3116 777 3168 affirmem:
799 3116 860 3168 lieri
881 3121 955 3168 certe
975 3115 1002 3166 id
1018 3115 1144 3185 potuisse
1160 3115 1305 3168 contendit
1330 3116 1365 3165 A.

221 3199 255 3252 de
276 3199 439 3252 Gutscbmid
460 3198 478 3250 l.
501 3200 519 3251 Ι.
536 3216 599 3269 pag.
615 3203 667 3253 512
693 3217 752 3269 seq.
779 3201 859 3263 Quae
877 3216 935 3252 cum
960 3201 999 3251 ita
1025 3199 1091 3267 sint,
1119 3216 1192 3252 nnus
1220 3207 1296 3252 certe
1319 3203 1368 3250 est

218 3286 378 3353 Hecataeus,
406 3301 486 3355 quem
502 3284 606 3337 Noster
630 3284 756 3355 pluribus
778 3303 846 3338 sane
862 3285 928 3337 locis
947 3285 1078 3355 respexit,
1093 3284 1258 3354 praesertim
1272 3284 1301 3337 in
1318 3283 1369 3352 iis,

218 3474 274 3518 tum
291 3468 407 3535 legitur:
430 3467 502 3532 „hoc
526 3468 611 3517 etiam
629 3466 739 3518 Charon
761 3468 968 3531 Lampsacenae
985 3464 1126 3516 Herodoto
1150 3467 1227 3532 prior
1244 3466 1370 3525 tradit,“

218 3538 329 3587 minime
349 3551 408 3587 eam
432 3537 487 3586 vim
509 3534 612 3586 habere
630 3540 731 3600 potest,
755 3541 787 3584 ut
805 3534 959 3584 Obarouem
983 3534 1017 3583 ab
1040 3533 1182 3584 Herodoto
1206 3534 1369 3584 coasultum

219 3609 267 3653 aut
286 3605 451 3669 exscriptum
470 3618 532 3654 esse
552 3604 747 3653 existimemus.
783 3602 826 3651 Tu
843 3602 916 3652 coni.
936 3602 1022 3651 etiam
1039 3601 1148 3652 Miiller.
1166 3602 1311 3667 Fragmm.
1325 3601 1370 3652 hi-

219 3674 329 3722 storico.
350 3672 465 3722 Graece.
485 3668 536 3736 (Ι.)
554 3686 617 3737 pag.
636 3672 700 3721 XVI
717 3686 792 3736 seqq.

286 3737 313 3804 *J
336 3740 414 3789 Vixit
437 3741 509 3789 enim
532 3739 708 3797 Hellanicus,
733 3743 763 3788 ut
786 3738 840 3787 iam
864 3752 947 3803 supra
964 3740 987 3799 §-
1007 3735 1024 3786 6
1041 3736 1086 3789 fin.
1105 3736 1252 3787 Miillerum
1272 3737 1374 3787 secati

218 3808 377 3870 statuimus,
396 3808 470 3857 intra
488 3822 574 3857 annos
590 3805 725 3857 aaa-em
744 3810 807 3855 aute
826 3804 889 3854 Chr.
909 3821 936 3855 u.
954 3804 1110 3855 Herodotus
1129 3810 1168 3868 (v.
1187 3820 1275 3870 snpra
1294 3808 1322 3866 5.
1341 3804 1375 3867 l)

218 3880 299 3925 uatus
319 3880 361 3923 est
377 3873 428 3924 484
447 3879 512 3925 ante
525 3872 581 3924 Chr
607 3891 634 3924 n.
653 3873 711 3940 (vel
723 3872 784 3937 486)
803 3878 831 3923 et
848 3873 920 3923 vixit
937 3878 1111 3938 certansque
1131 3873 1165 3923 ad
1184 3888 1289 3922 anuum
1304 3873 1375 3935 424,

216 3942 262 3992 vel
282 3943 367 3992 etiam
386 3942 491 4008 aliquot
509 3957 595 3992 annos
614 3942 745 4008 amplius,
762 3941 818 3992 vid.
837 3943 862 4004 ξ.
881 3941 905 3989 7.

285 4007 328 4075 l¹¹¹)
345 4009 421 4059 Idem
440 4014 595 4060 statuerunt
613 4010 643 4059 Ο.
662 4009 764 4060 Miillcr
785 4009 921 4073 Fragmm.
940 4009 1013 4059 Hist.
1038 4009 1062 4059 1.
1079 4025 1106 4074 p.
1126 4007 1231 4068 xxia,
1251 4007 1378 4058 Prellsr

216 4077 259 4127 De
277 4077 426 4127 Hellanico
444 4077 546 4127 Lesbio
564 4093 627 4143 pag.
646 4077 680 4127 52
698 4083 726 4129 et
744 4076 940 4144 quodammodo
958 4077 1043 4127 etiam
1060 4076 1152 4125 Mure:
1171 4076 1294 4140 History
1310 4082 1374 4126 etc.

218 4145 265 4194 lv,
284 4161 311 4211 p.
328 4143 386 4195 308.
406 4143 496 4194 Unum
514 4145 626 4195 obstare
644 4145 759 4208 videtur,
780 4145 851 4210 quod
869 4145 899 4193 in
916 4143 1034 4195 Scholiis
1053 4144 1088 4193 ad
1106 4142 1254 4222 Sophoclis
1274 4144 1379 4193 verba

218 4202 333 4277 adasop’
352 4206 397 4278 ἔχε
410 4213 438 4262 in
451 4211 597 4263 Philoctet.
611 4211 659 4262 201
671 4213 837 4278 adscriptum
847 4212 962 4279 legitur:
980 4204 1012 4262 sd
1026 4205 1058 4262 al
1070 4225 1184 4262 τοιουτο
1196 4210 1377 4275 aerioma,

218 4271 261 4331 ὅτι
277 4272 442 4339 Ἑλλάνικός
464 4294 548 4331 ποτε
571 4270 823 4345 ἀναγινώσκων
844 4277 882 4331 τὰ
905 4271 1101 4398 Ἡροδότου
1118 4279 1311 4399 prespicit'sd
1333 4280 1379 4335 11.

218 4348 275 4409 171,
294 4349 341 4399 ubi
364 4349 418 4427 vid.
442 4352 509 4428 nott.
532 4348 591 4401 Vol.
615 4350 637 4399 1
657 4366 684 4414 p.
701 4347 762 4412 814)
781 4343 872 4433 {lays}
895 4362 949 4427 aquo
985 4341 1018 4398 di
1040 4345 1116 4398 suiad
1154 4361 1206 4425 pos
1230 4361 1378 4425 εγστομα

217 4416 334 4477 κείσθω,
353 4432 388 4468 ου
401 4414 521 4483 διαιρων
534 4411 575 4475 είς
588 4415 641 4466 δυο
653 4410 750 4479 λέξεις,
769 4416 822 4467 αλλ
852 4433 889 4476 ως
901 4433 940 4467 αν
956 4431 999 4475 τις
1011 4412 1097 4477 εἴποι,
1117 4428 1210 4465 ταυτα
1222 4428 1381 4481 samua.
