2866 5134
251 399 312 462 422
693 386 1010 453 ΟΟΜΜΕΝΤΑΊῚΟ

251 588 305 623 nen
319 567 432 639 amplius
448 567 536 620 luisse
551 571 683 634 arguunt,
702 564 754 618 iam
766 562 823 615 disi
835 562 863 614 iu
878 561 991 614 Jahrbb.
1012 562 1032 613 l.
1054 559 1188 629 Philoleg.
1204 559 1273 613 LlV.
1287 578 1312 629 p.
1327 562 1366 613 lll

250 660 279 707 et
289 670 375 724 supra
386 669 498 723 queque
509 651 610 704 monui.
638 651 698 704 Nec
707 648 793 717 magis
805 646 914 700 eaedem
925 652 1076 715 temporum
1087 645 1207 698 rationes
1217 645 1367 715 permittant,

250 744 281 791 ut
292 756 359 791 vera
373 755 436 791 esse
451 737 602 804 credamus,
615 752 686 805 quae
698 731 889 804 apudSuidam
904 750 928 783 s.
943 724 1193 800 τ.Ὲ11άκικος(ρ.
1205 733 1253 783 212
1264 730 1367 782 Wester·

250 841 341 876 mann.
371 822 439 876 Vitt.
467 823 582 875 Graece.
610 819 735 890 scriptt.)
761 818 909 885 leguntur:
939 812 1062 885 διέτριψε
1087 808 1116 870 d'
1143 808 1296 876 Ἑλλάνικος
1319 806 1368 867 ris

243 904 280 963 Ἡ
287 909 350 977 ped
355 901 372 961 ό
378 927 422 980 τᾳ
436 900 504 974 παρ’
520 899 634 979 Ἀμτῖκτᾳ
651 906 689 977 τῷ
702 895 882 959 Μακεδόνων
899 901 1008 973 βασιλεῖ
1017 895 1089 956 md
1099 894 1165 963 reric
1179 893 1290 971 χρόνους
1304 891 1370 967 uie

249 994 333 1048 uideo
348 989 397 1045 καὶ
416 988 609 1059 Σοφοκλέους·
630 988 680 1043 aul
689 983 824 1059 Ἑκαταίῳ
842 987 881 1059 τῷ
895 989 1026 1060 Μιλησίῳ
1042 980 1155 1059 ἐπέβαλε
1176 979 1296 1055 γεγονότι
1313 978 1370 1039 κατὰ

249 1073 284 1133 τὰ
305 1070 428 1145 Περσικὰ
450 1074 500 1130 καὶ
517 1076 613 1147 μακρῷ
628 1068 713 1143 πρός·
735 1067 849 1140 ἐξέτεινε
870 1067 901 1125 di·
921 1069 1061 1141 καὶμέχρι
1078 1071 1135 1126 τῶν
1158 1071 1308 1140 Περδίκκου
1320 1063 1370 1139 χρό-

249 1181 307 1216 νον
328 1181 354 1215 κ.
377 1182 402 1215 τ.
429 1165 463 1227 l,
490 1161 519 1213 iu
545 1160 662 1231 quibus,
690 1164 721 1211 ut
752 1167 904 1228 temporum
931 1157 1054 1210 rationes
1069 1157 1123 1210 sibi
1147 1163 1309 1219 constarent,
1332 1174 1370 1224 prr

245 1241 361 1321 Ἀμύκτᾳ
381 1245 493 1298 Clinten
511 1246 549 1298 ΙΙ.
566 1264 593 1315 p.
612 1247 661 1298 271
678 1243 775 1314 reponi
791 1241 880 1294 voluit
897 1242 1038 1316 Περδίκκᾳ
1054 1249 1082 1295 et
1092 1235 1235 1311 Ἀρχελάου
1249 1258 1296 1310 pre
1316 1242 1371 1307 lire

249 1334 364 1387 dlnaeec
380 1330 479 1383 etenim
494 1330 596 1383 Saldae
613 1329 737 1381 verbosi
753 1344 910 1397 sequamur,
932 1326 1094 1393 Hellanicus
1110 1347 1169 1382 κκο
1185 1345 1244 1381 cass
1258 1328 1371 1381 umam

249 1416 322 1489 apud
345 1416 487 1483 Amyntam
508 1415 571 1487 (qui
593 1413 721 1482 regnavit
748 1411 793 1464 01.
815 1412 888 1479 LVl,
909 1415 925 1464 4
941 1442 976 1451 -
989 1411 1086 1481 cxlx,
1105 1415 1133 1477 l)
1154 1416 1325 1465 commoratus
1338 1416 1372 1463 est

249 1511 332 1572 utque
347 1506 463 1553 aetatem
478 1499 601 1553 extendit
614 1515 703 1570 usque
722 1497 756 1549 ad
771 1495 920 1549 Perdiccae
933 1500 1065 1565 tempero,
1083 1499 1132 1568 qui
1149 1514 1262 1567 regnum
1275 1496 1372 1566 adeptus

249 1585 408 1655 estOlymp.
426 1584 546 1653 LXXDl,
560 1589 576 1637 4
592 1584 651 1636 sire
666 1585 716 1636 461
730 1589 794 1634 ante
806 1580 872 1634 Chr.
886 1599 914 1633 n.
930 1581 1014 1644 Quod
1026 1599 1085 1635 cum
1101 1589 1197 1653 pateat
1207 1582 1301 1635 falsu·
1316 1598 1372 1645 csse,

249 1670 353 1725 rectius
370 1670 464 1740 utique
480 1686 539 1721 curn
554 1667 690 1721 Muellero
706 1668 829 1734 (Fragm.
845 1667 946 1718 Graec.
966 1666 1031 1719 hist.
1054 1668 1077 1719 Ι.
1093 1686 1121 1738 p.
1136 1666 1227 1720 xxiv
1241 1671 1309 1737 seq.)
1322 1664 1373 1719 Hel·

250 1756 364 1808 lenicum
386 1754 459 1807 intra
481 1754 591 1823 Olymp.
609 1743 820 1823 1111111133-
836 1750 920 1817 XLV,
940 1750 1031 1805 dsive
1047 1756 1188 1807 482-397
1206 1760 1270 1806 autc
1282 1752 1340 1804 Chr.
1352 1768 1372 1802 s.

249 1839 353 1892 vixisse
379 1845 502 1893 statues:
525 1838 593 1890 adeo
611 1845 642 1889 ut
659 1836 794 1890 Herodoti
810 1842 926 1889 aetatem
943 1834 1026 1905 leuge
1046 1837 1090 1890 hic
1113 1836 1298 1908 superaverit.
1327 1835 1373 1887 Nec

251 1934 338 1977 tamen
361 1925 389 1976 iu
411 1929 487 1977 tanta
510 1924 598 1976 lamae
619 1920 817 1975 incertitudine
838 1938 871 1973 ac
889 1921 1077 1991 discrepantia
1099 1922 1203 1975 adduci
1219 1938 1335 1993 possum,
1351 1930 1372 1972 rt

248 2009 418 2062 Herodotum
434 2015 462 2061 et
476 2008 648 2061 Hellanicum
665 2008 720 2059 una
735 2006 762 2057 in
779 2005 842 2058 aula
857 2006 933 2074 regis
950 2005 1149 2076 Macedonum,
1163 2007 1226 2061 sive
1247 2005 1371 2060 Archeion

250 2094 310 2147 eive
324 2093 395 2146 alius
412 2093 476 2163 quis
492 2093 587 2159 luerit,
604 2097 794 2144 commoratum
810 2108 872 2143 esse
890 2091 984 2161 ibique
999 2091 1174 2146 Herodotum
1187 2100 1316 2146 mertuum
1327 2108 1371 2143 csse

249 2177 370 2232 credam:
385 2177 561 2247 acquiescere
575 2177 661 2231 malim
676 2177 704 2227 in
727 2192 760 2228 ea
773 2176 860 2241 lama,
875 2182 947 2246 quae
962 2176 1133 2231 Herodotum
1150 2178 1268 2232 Thuriis
1284 2184 1309 2230 et
1321 2192 1370 2228 ncr-

249 2270 324 2316 tuum
339 2269 368 2316 et
382 2261 519 2332 sepultum
535 2281 598 2315 esse
613 2261 707 2316 tradit.

333 2346 444 2413 Uxoris,
461 2347 662 2417 liberorumque
677 2363 766 2416 aeque
786 2351 870 2415 atque
886 2351 1065 2413 cognatorum
1079 2346 1217 2401 Herodoti
1238 2348 1277 2418 (si
1291 2348 1321 2399 ab
1333 2360 1364 2396 sn

249 2432 370 2501 Panyasi
392 2432 532 2503 discedas)
560 2431 635 2485 nulla
661 2431 801 2500 reperitur
831 2430 939 2482 mencio.
971 2430 1073 2484 Tradit
1098 2432 1212 2503 quidem
1238 2432 1278 2501 (in
1304 2424 1364 2483 Puri

248 2517 320 2570 Bibl.
338 2517 407 2570 Ced.
425 2520 484 2571 1110.
501 2536 529 2587 p.
551 2520 602 2571 246
617 2518 653 2570 H.
676 2535 704 2587 p.
722 2518 772 2569 148
788 2514 890 2583 Bell.)
909 2512 1081 2569 Ptolemaeus
1095 2518 1286 2586 Hephaestio,
1305 2517 1367 2575 Hel*

248 2603 340 2656 dotum
352 2620 445 2654 secum
457 2601 587 2655 habuisse
602 2602 733 2655 amasium
747 2599 882 2672 quendam
898 2599 1095 2669 Plesirrhoum,
1116 2601 1283 2657 Thessalum
1293 2614 1369 2670 genart

248 2687 418 2757 eundemque
434 2705 515 2756 epum
530 2686 682 2754 haeredem,
698 2703 714 2738 a
728 2702 783 2755 que
800 2685 879 2737 eliam
895 2684 1027 2739 historiae
1038 2687 1217 2741 Heredeteae
1231 2686 1371 2758 precamina

249 2773 334 2825 luerit
348 2772 543 2842 compositum,
567 2770 731 2841 reliquisse;
759 2768 809 2822 sed
831 2770 907 2823 lirme
931 2778 1092 2838 argumente
1108 2772 1178 2826 haec
1192 2790 1285 2826 carere
1300 2770 1369 2822 rides·

249 2865 304 2923 tur,
320 2873 481 2925 quemquam
497 2857 561 2909 inde
577 2856 669 2925 colligi
681 2874 764 2925 pesse
780 2853 931 2908 rideturC.
941 2855 1120 2909 0.llluellere
1135 2857 1255 2928 (Kleine
1265 2851 1370 2910 deutsche

248 2940 361 2992 Schrilt.
379 2940 401 2993 l.
419 2958 446 3009 p.
462 2943 519 3008 311),
543 2943 577 2993 ab
594 2942 645 2994 hec
659 2940 817 2993 Plesirrheo
841 2939 977 2993 Herodoti
993 2958 1064 3011 opus
1083 2951 1151 3011 pest
1174 2950 1286 2995 mertem
1304 2940 1369 2992 llere

249 3024 307 3077 doti
322 3025 511 3080 esseeditum.
545 3027 643 3096 Neque
670 3027 703 3078 ab
730 3027 781 3077 hoc
801 3025 893 3078 eedem
908 3023 1066 3080 Plesirrheo
1082 3028 1253 3095 prooemium
1272 3021 1370 3080 Herode·

247 3116 321 3161 teum
347 3125 409 3160 esse
436 3110 636 3181 conscriptum,
663 3112 717 3164 iam
742 3126 827 3179 supra
842 3108 957 3180 (11011.
974 3131 1000 3181 p.
1015 3112 1045 3177 4)
1069 3112 1226 3165 monuimus
1242 3112 1367 3177 iterumque

248 3195 299 3246 hec
316 3192 375 3245 lecu
390 3195 551 3248 monendum
568 3202 710 3264 putamus,
731 3212 790 3247 cum
806 3194 897 3247 denuo
912 3211 1002 3264 nuper
1016 3196 1059 3248 vir
1074 3195 1175 3250 dectus
1189 3198 1246 3269 (La
1260 3190 1366 3248 liechcia

247 3278 382 3346 Philolog.
397 3277 471 3331 XlV.
490 3299 517 3349 p.
534 3282 583 3333 287
601 3285 694 3351 seqq.)
713 3281 764 3332 hec
788 3278 955 3347 prooemium
975 3282 1008 3333 ab
1032 3281 1093 3351 ipso
1108 3282 1253 3335 Herodoto
1273 3275 1368 3333 musori-

248 3372 323 3434 ptum
338 3381 401 3417 esse
416 3365 569 3436 negaverit,
584 3363 743 3418 Plesirrheo
759 3364 821 3417 huic
841 3371 890 3416 aut
904 3365 1067 3434 posterioris
1082 3367 1184 3420 aetatis
1200 3363 1333 3437 scriptori,
1349 3368 1370 3410 rt

248 3449 387 3519 opinatur,
404 3448 589 3502 tribuendum.
615 3449 679 3502 Vid.
696 3454 766 3502 nott.
784 3448 819 3501 T.
836 3450 859 3501 I.
875 3467 902 3518 p.
919 3453 944 3502 4.

332 3533 373 3584 De
392 3533 526 3587 Herodoti
542 3534 708 3603 imaginibus
732 3535 797 3587 haec
820 3533 882 3588 olim
896 3534 1045 3604 adscripsit
1061 3533 1239 3589 Creuzerus:
1260 3546 1370 3606 „quacun

248 3616 343 3687 plures
358 3617 512 3687 antiquitus
528 3618 671 3672 exstitisse
687 3619 733 3672 rix
754 3619 867 3673 dubium
884 3626 941 3689 cst,
963 3636 1023 3673 cum
1039 3619 1127 3672 adhuc
1143 3638 1253 3675 carmen
1270 3613 1370 3690 supersit

248 3701 424 3754 Christodori
437 3703 566 3773 Coptitae
582 3704 611 3756 in
623 3705 758 3758 Herodoti
772 3704 925 3773 imaginem,
942 3722 1014 3775 quae
1025 3705 1287 3776 Constantinopolin
1298 3714 1368 3756 mus

246 3786 302 3838 lata
329 3792 398 3838 erat.
427 3786 489 3840 Vid.
517 3790 652 3842 Analectt.
681 3789 717 3841 11.
745 3806 808 3860 pag.
825 3794 886 3844 470.
921 3789 960 3842 Ac
989 3789 1059 3862 lapis
1088 3790 1227 3862 hodieque
1247 3795 1328 3844 exstat
1347 3783 1368 3833 in

249 3870 348 3923 Museo
365 3868 452 3939 Regis
468 3872 663 3943 Neapolitani,
691 3891 724 3926 ex
739 3874 899 3927 collectione
914 3874 1085 3928 Fernesiana
1101 3875 1211 3944 illatus,
1238 3874 1282 3946 qui
1298 3872 1368 3925 Hero·

249 3955 306 4008 deti
322 3961 350 4008 et
364 3954 537 4022 Thucydidis
559 3957 704 4011 simulacra
724 3958 817 4012 iuncta
837 3958 916 4012 simul
936 3960 1055 4013 exhibet.
1082 3959 1145 4013 Vid.
1167 3961 1252 4029 lmag.
1270 3976 1299 4010 ex
1314 3949 1368 4007 Bihl.
1414 3978 1415 3981 =

248 4041 281 4092 lc,
289 4039 386 4093 Ursini
401 4041 550 4095 leronem.
567 4052 595 4095 et
605 4042 731 4096 Visconti
744 4044 925 4113 Iconegraph.
941 4062 1035 4114 grecq.
1052 4047 1075 4098 l.
1089 4045 1127 4115 pl.
1145 4050 1178 4099 ⁶27
1194 4050 1236 4117 (p.
1248 4045 1296 4099 315
1305 4054 1367 4107 soqu-

249 4125 292 4178 ed.
310 4124 419 4196 Milan.)
437 4126 529 4194 [Unde
539 4128 676 4181 Herodoti
689 4127 777 4197 imago
795 4147 906 4200 queque
921 4129 1058 4182 delineata
1073 4131 1244 4200 conspicitur
1258 4129 1284 4180 in
1294 4126 1368 4177 lroult

249 4209 335 4262 ltalse
355 4211 442 4262 nestri
464 4211 609 4281 scriptoris
632 4211 792 4288 versionis]
828 4214 912 4267 Aliam
935 4215 1023 4267 adhuc
1038 4215 1204 4283 incognitam
1219 4211 1367 4281 inragiucut

248 4312 329 4349 nume
340 4295 582 4349 Halicarnassensi
596 4297 915 4367 temperisdntoniniPii
927 4299 1078 4370 publicavit
1091 4300 1161 4354 idem
1170 4291 1342 4352 Viscentiusl.
1353 4289 1365 4338 l·

249 4380 306 4450 [cui
328 4379 412 4434 addas
438 4381 552 4435 alterum
575 4399 683 4434 numum
708 4400 793 4453 supra
818 4382 874 4456 §.⁴2
899 4388 1152 4456 commemoratum}
1184 4385 1315 4438 Monstrat
1331 4372 1366 4427 illl
1413 4440 1414 4449 ᾳ
