2866 5134
209 364 270 423 474
617 357 932 418 COMMEN‘I‘A'PIO

209 533 265 585 riae
286 548 354 584 suae
377 530 461 584 libros
478 530 654 599 inscripserit
669 530 817 600 lonicaque
839 530 955 584 dialecto
971 546 1039 584 usus
1054 531 1108 599 sit,
1133 528 1264 583 credibile
1278 549 1358 583 sane

209 624 266 683 est,
286 617 359 669 illurn
374 617 508 669 Herodoti
523 614 673 685 exemplum
689 622 813 668 secutum
827 622 910 686 atque
926 617 1074 670 orationem
1089 615 1271 669 Herodotcam
1287 615 1357 668 irni-

208 703 261 755 tnri
280 702 432 754 studuisse.
476 701 605 753 Succedit
624 700 673 770 qui
690 701 782 753 eadem
795 702 855 753 iere
870 700 1002 754 Hadriani
1018 709 1107 754 aetate
1128 701 1197 753 vixit
1211 703 1358 767 Aelianum
1380 736 1386 745 ·

208 805 289 857 quem
303 786 438 839 Herodoti
460 787 601 839 admodum
621 786 776 838 studiosum
793 787 898 853 fnisse,
926 789 993 839 adeo
1015 795 1045 839 ut
1064 786 1136 838 haud
1158 803 1245 854 pauca
1262 788 1361 838 verba

209 891 240 925 ac
265 872 417 925 locutiones
445 890 477 924 ex
499 871 640 924 Herodoto
667 871 862 940 assumpserit,
892 872 1008 941 plurima
1028 876 1168 924 testantur
1187 870 1359 924 imitationis

209 957 343 1027 exempla,
363 957 390 1008 in
407 956 532 1009 Historia
543 955 704 1008 Animalium
719 956 889 1025 potissimum
905 958 986 1009 obvia
1001 964 1030 1009 et
1043 973 1058 1008 a
1074 956 1153 1009 nobis
1166 956 1194 1009 in
1207 956 1280 1009 uotis
1297 973 1359 1009 sua

209 1059 335 1115 quaeque
353 1042 411 1093 loco
428 1034 600 1107 indicata*):
628 1040 753 1112 idemque
775 1057 864 1110 nuper
884 1044 1030 1112 proposuit
1044 1041 1096 1094 Ed.
1113 1041 1230 1093 Rasmus
1248 1041 1276 1093 in
1295 1040 1359 1093 Aa·

208 1128 337 1180 linneorr.
351 1129 507 1193 fragmentt.
519 1125 681 1194 specimine.
694 1126 717 1177 1.
729 1125 866 1196 (Beroliu.
881 1130 962 1194 1858)
974 1145 1037 1196 pag,
1050 1130 1076 1179 7.
1095 1126 1247 1195 Praecipue
1257 1132 1359 1179 autem

209 1214 252 1265 hic
275 1211 457 1264 nominandus
478 1217 522 1263 est
545 1212 707 1278 Percennius,
729 1211 809 1263 cuius
835 1211 981 1265 dictionem
995 1212 1170 1264 Herodoteae
1190 1210 1359 1266 simillimam

209 1316 272 1351 esse
290 1297 341 1349 iam
356 1295 496 1363 Xylander
513 1296 659 1365 professus
673 1300 731 1363 est,
755 1296 803 1367 qui
817 1295 973 1351 Pausaniae
991 1297 1148 1367 periegesin
1165 1296 1269 1366 primus
1285 1305 1361 1366 post

209 1382 306 1435 Aluum
328 1381 415 1434 edidit
434 1398 506 1432 anno
524 1381 730 1451 tantidemque
751 1380 831 1433 etiam
845 1383 1076 1451 pronuntiarunt,
1098 1381 1145 1451 qui
1166 1387 1231 1450 post
1244 1380 1359 1448 Xylan-

209 1468 287 1519 drum
308 1467 370 1519 buic
394 1466 522 1535 scriptori
546 1484 654 1535 operam
677 1482 753 1518 suam
777 1474 927 1533 naverunt,
945 1466 1187 1534 Sylburgius**),
1208 1465 1359 1535 Hubnius,

209 1552 389 1617 Scbaeierus,
413 1568 501 1620 usque
524 1551 557 1602 ad
577 1551 782 1605 recentissimos
805 1552 940 1618 editores,
962 1570 978 1603 e
1000 1551 1102 1621 quibus
1122 1566 1204 1604 unum
1227 1551 1361 1604 sufficiat

209 1636 347 1707 appellare
361 1636 550 1702 Siebelisinm,
568 1637 657 1705 quiin
676 1637 890 1702 commentariis,
913 1637 1015 1707 quibus
1030 1635 1185 1688 Pausaniae
1200 1635 1286 1687 libros
1311 1637 1358 1688 in-

210 1724 325 1789 struxit,
344 1722 370 1774 id
385 1738 496 1791 quoque
510 1721 576 1789 egit,
594 1722 666 1773 utin
683 1721 802 1789 singulis
818 1722 933 1774 vocibus
947 1721 1203 1790 locutionibusque,
1218 1729 1358 1790 quantum

209 1809 243 1859 ab
265 1807 405 1860 Herodoto
428 1807 561 1876 penderet
584 1806 753 1873 Pausanias,
775 1814 1001 1860 commonstraret
1022 1806 1157 1876 simulque
1179 1806 1356 1873 ostenderet,

210 1899 340 1963 quantum
358 1891 492 1944 Herodoti
508 1893 594 1944 verba
611 1891 735 1943 valerent
755 1892 787 1944 ad
803 1891 957 1944 Pausaniae
973 1893 1059 1944 verba
1073 1890 1184 1959 singula
1199 1889 1242 1942 vel
1260 1908 1354 1943 emen·

210 1976 300 2029 danda
310 1976 354 2029 vel
362 1976 525 2028 illustranda
538 1993 695 2046 omnemque
708 1977 769 2029 eius
779 1977 929 2029 orationem
938 1977 1035 2029 melius
1045 1975 1264 2043 cognoscendam
1274 1974 1353 2039 m).

209 2062 304 2125 Quare
325 2079 376 2113 nos
398 2078 508 2130 qnoque
524 2061 551 2113 in
571 2060 689 2128 singulis
706 2062 774 2114 locis
789 2062 973 2128 Herodoteis,
997 2063 1044 2114 ubi
1065 2061 1199 2113 Nostrum
1220 2060 1352 2112 imitando

211 2147 362 2216 exprimere
378 2145 487 2197 studuit
499 2146 669 2211 Pausanias,
687 2146 784 2199 sedulo
800 2147 827 2198 id
846 2147 1041 2213 iudicavimus,
1064 2146 1266 2217 praeeuntibus
1282 2145 1350 2214 ipsis

210 2231 245 2284 iis
257 2233 341 2297 viris,
358 2232 406 2301 qui
418 2230 479 2283 olim
495 2232 521 2283 in
534 2231 669 2283 Herodoti
683 2232 774 2284 verbis
790 2231 961 2285 illustrandis
974 2231 1042 2284 idem
1054 2230 1273 2300 praestiterunt,
1289 2229 1345 2280 vu-

209 2317 366 2370 clrenariurn
385 2316 460 2381 dico,
480 2316 527 2387 qni
542 2315 615 2367 inter
629 2316 764 2369 Herodoti
776 2317 927 2369 imitatores
943 2317 1061 2371 eminere
1075 2314 1240 2368 Pausaniam
1256 2314 1346 2367 merito

210 2403 334 2468 dixit†),
362 2409 389 2455 et
405 2400 619 2468 Wesselingium
628 2401 694 2468 ἣ),
718 2402 766 2472 qui
781 2402 915 2455 Herodoti
937 2407 1097 2455 sectatorem
1119 2400 1289 2453 industrium
1304 2417 1350 2451 uo-

210 2487 284 2539 cavit
293 2487 457 2540 Pausaniam
474 2487 557 2556 idque
572 2486 690 2555 singulis
705 2487 862 2558 quibusque
877 2486 944 2540 locis
960 2485 1126 2540 Herodoteis
1142 2485 1214 2537 baud
1231 2503 1297 2537 raro
1310 2484 1352 2536 in·

211 2573 321 2625 dicavit.
358 2573 396 2624 Et
411 2589 570 2641 quamquam
586 2571 741 2625 Pausaniae
758 2574 845 2625 oratic
859 2572 970 2626 multum
988 2574 1068 2624 abest
1088 2589 1104 2623 a
1123 2571 1217 2623 natica
1233 2569 1281 2621 ilia
1297 2570 1350 2622 He·

210 2659 301 2710 rodoti
313 2658 486 2726 simplicitate
502 2666 530 2707 et
545 2656 689 2710 dulcedine
704 2674 794 2727 neque
810 2659 918 2711 omnino
932 2657 966 2711 iis
983 2657 1133 2710 virtutibus
1148 2654 1273 2721 excellit,
1292 2655 1351 2724 qui·

211 2745 263 2795 bus
278 2742 462 2795 Herodoteam
483 2742 631 2795 orationem
655 2742 791 2811 insignem
810 2761 872 2795 esse
894 2758 980 2812 supra
1002 2742 1188 2808 ostendimus,
1211 2748 1303 2792 umen
1325 2740 1351 2791 iu

211 2827 330 2895 singulis
342 2827 456 2880 vocibus
470 2827 665 2896 somniisque,
679 2844 749 2897 quas
760 2828 889 2880 imitando
902 2828 1053 2896 exprimere
1064 2826 1173 2878 studuit
1184 2824 1352 2885 Pausanias,

210 2915 321 2965 multum
336 2911 412 2964 valet
426 2912 491 2964 baec
505 2912 634 2978 imitatio,
656 2913 802 2982 eademque
815 2913 842 2965 in
860 2913 935 2965 bisce
946 2912 1065 2980 singulis
1080 2910 1188 2964 dicendi
1200 2909 1353 2977 generibus

212 2997 350 3051 imitandis
368 3003 397 3049 et
411 2997 595 3067 exprimendis
610 2997 698 3065 magis
713 2997 850 3064 cernitur,
870 3015 950 3067 quam
965 2997 994 3048 in
1011 2996 1142 3049 universo
1155 2994 1291 3047 orationis
1306 2995 1352 3046 ba·

210 3084 269 3135 bitu
286 3090 314 3134 et
329 3081 509 3149 colore†††).
538 3084 635 3151 Itaque
650 3083 728 3134 etiam
746 3083 774 3135 iu
790 3084 873 3136 rebus
885 3082 1003 3147 divinis,
1019 3081 1167 3150 praecipue
1183 3080 1209 3131 iu
1226 3078 1355 3132 doctriua

210 3170 244 3221 de
260 3167 353 3220 diuina
372 3167 478 3219 iustitia
495 3185 526 3219 ac
542 3167 668 3235 Nemesi,
690 3185 804 3237 quacum
824 3168 896 3236 apud
913 3167 1084 3219 Herodotum
1100 3164 1274 3219 coniunctam
1290 3183 1353 3217 esse

212 3254 329 3306 vidimus
350 3252 637 3323 (s.12)sententiam
659 3253 693 3305 de
714 3253 808 3305 divina
825 3251 953 3319 invidia,
973 3251 1014 3304 vel
1038 3251 1084 3302 ubi
1106 3249 1201 3302 iisdem
1223 3251 1285 3302 lere
1306 3257 1353 3301 aut

211 3346 285 3392 certe
297 3339 432 3391 similibus
445 3339 560 3392 vocibus
573 3345 601 3392 et
615 3336 799 3390 locutionibus
811 3336 963 3389 Pausanias
981 3337 1083 3406 utitur,
1100 3344 1189 3387 temen
1202 3353 1257 3387 non
1274 3351 1351 3404 pror-

278 3606 305 3673 *J
324 3609 402 3657 Nunc
415 3607 486 3659 addo
498 3605 607 3656 Aelian.
624 3606 656 3655 N.
670 3606 701 3654 A.
715 3605 792 3664 XVI,
805 3604 853 3668 20,
871 3603 917 3653 ubi
930 3603 1042 3668 scripsit
1058 3595 1093 3652 oi
1108 3600 1164 3652 sois
1183 3589 1283 3652 Ἰνδῶν
1299 3598 1351 3650 id·

212 3692 297 3741 γιοι,
318 3677 431 3726 imitans
442 3675 610 3725 Herodotum
623 3675 642 3734 i,
659 3673 684 3723 l:
705 3666 837 3737 Περσέων
849 3665 902 3737 μέν
914 3687 968 3721 νυν
980 3663 1014 3720 ni
1025 3662 1139 3735 λόγιοι
1152 3686 1177 3720 a.
1190 3686 1213 3718 τ.
1226 3670 1252 3720 i..
1271 3670 1350 3719 Cont.

214 3745 297 3794 otium
311 3749 380 3794 nott.
394 3744 429 3792 ad
442 3742 542 3793 Herod.
555 3742 604 3803 111,
621 3742 660 3791 12.
673 3740 715 3791 61.

279 3826 323 3892 Pi)
341 3827 404 3878 Vid.
417 3844 481 3892 pag.
494 3825 552 3878 933.
567 3826 626 3876 Vol.
639 3826 675 3876 11.
689 3826 732 3875 cd.
744 3826 833 3876 Kubn.

280 3909 337 3977 m)
356 3911 416 3961 Vid.
431 3910 557 3961 Siebelis.
571 3911 694 3961 Praefat.
708 3911 731 3957 V
733 3910 767 3961 ol.
780 3910 801 3960 1.
814 3926 840 3976 p.
854 3909 904 3958 XX
916 3923 974 3972 seq.

281 3996 313 4062 †)
332 3997 359 4045 in
377 4000 433 4045 not.
448 3996 482 4046 ad
495 3994 596 4045 Herod.
610 3996 664 4055 111,
681 3995 729 4045 133
742 3995 858 4059 aliisque
871 3991 944 4043 baad
957 3991 1055 4058 paucis
1067 3991 1151 4054 iocis,
1169 3991 1217 4041 ubi
1230 3991 1351 4042 Herodo-

214 4070 261 4116 tca
274 4064 390 4115 contulit
402 4080 462 4114 cum
476 4064 631 4113 Pausaniae
645 4064 745 4115 verbis.

281 4148 333 4213 ἡ)
351 4150 381 4199 in
392 4155 449 4199 not.
462 4148 497 4198 ad
510 4148 611 4199 Herod.
625 4148 660 4209 V,
674 4146 708 4199 39
720 4147 839 4213 aliisque
852 4144 920 4196 locis
934 4144 1129 4209 compluribus.

280 4232 353 4297 †††)
371 4233 434 4283 Vid.
448 4231 566 4283 Sicbelis
578 4232 596 4282 1.
611 4231 627 4282 Ι.
641 4248 705 4348 paq.
719 4232 783 4281 XXI
796 4246 854 4295 seq.
869 4229 1027 4281 etBoeclrb.
1041 4229 1069 4278 in
1081 4228 1234 4293 scriptione
1253 4227 1349 4278 acade-

215 4304 302 4364 mica,
320 4317 391 4366 quae
408 4301 511 4367 prodiit
526 4299 649 4350 Berolini
668 4299 678 4348 l
699 4300 732 4348 24
749 4299 783 4348 de
797 4298 956 4349 Pausaniae
972 4296 1052 4360 stilo,
1075 4296 1148 4362 typis
1170 4297 1293 4361 repetita
1309 4297 1349 4345 in:
1429 4308 1430 4315 ¹

215 4369 399 4437 Philological
411 4370 535 4419 Muscam
546 4367 607 4419 Vol.
621 4369 645 4432 I,
657 4369 705 4417 ubi
716 4368 772 4418 vid.
785 4382 848 4434 pag.
861 4364 921 4417 629.
