2866 5134
280 406 339 464 DE
362 404 468 464 VI'I'A
488 405 546 464 ΕΤ
568 402 761 464 SORIPTIS
784 402 1019 464 HERODOTI.
1155 409 1216 469 465

96 574 131 626 sic
143 575 331 628 occurrendum
345 575 456 628 videtur
467 575 620 643 Bredovio,
638 580 691 644 „ut
706 575 827 628 collectis
844 575 927 628 unius
942 575 1120 645 eiusdemque
1133 593 1215 628 voca-

95 659 162 725 „buli
175 659 420 730 vocabulorumque
433 661 545 729 generis
561 660 689 730 exemplis
705 660 844 727 omnibus,
865 661 972 714 ratione
988 677 1100 732 quoque
1113 661 1141 713 in
1156 660 1216 713 loco

94 745 221 811 „codicum
238 746 393 816 scripturae
404 746 512 812 habita,
531 763 657 799 summum
672 746 810 815 quandum
823 745 865 798 rel
882 746 1094 815 depravatarum
1110 746 1152 798 vel
1167 765 1213 798 re-

93 837 204 897 „ctarum
217 831 362 883 formarum
385 832 567 884 subducamus
587 838 670 902 atque
686 833 858 884 conferamus
877 831 997 902 indeque
1013 831 1122 884 codices
1137 832 1216 900 ipsos

92 915 175 980 ,inter
189 934 219 968 se
237 915 443 970 conciliemus.“
480 915 563 979 Quod
577 917 624 969 ubi
640 933 756 986 prorsus
771 916 832 969 fieri
848 916 961 986 nequit,
977 917 1103 969 omnibus
1115 916 1215 969 codici-

91 999 137 1053 bus
148 1017 246 1054 summo
266 1019 404 1055 consensu
421 1001 625 1069 obnitentibus,
650 1000 693 1054 ecl
715 1001 837 1054 codicum
857 1002 1021 1055 auctoritate
1035 1018 1152 1071 prorsus
1168 1020 1215 1055 ne·

91 1083 169 1152 glecta
188 1087 287 1139 rationi
306 1094 335 1139 et
354 1086 497 1155 analogiae
520 1086 701 1140 obediendum
721 1104 783 1140 esse
804 1087 906 1140 mavult
914 1082 953 1153 ⁴).
992 1087 1102 1140 Etenim
1116 1087 1144 1139 in
1167 1087 1216 1140 hac

91 1169 143 1239 ipsa
159 1171 350 1225 convenientia
371 1179 455 1242 atquc
470 1171 671 1239 concinnitate,
695 1172 813 1242 quaein
837 1172 964 1225 omnibus
984 1172 1128 1225 vocabulis
1149 1190 1215 1224 con-

91 1256 205 1308 stentiam
220 1257 357 1327 quandam
370 1258 405 1309 ab
422 1257 483 1327 ipsa
501 1263 601 1309 natura
617 1257 767 1325 prolectam
781 1263 890 1326 servat,
917 1273 1007 1327 neque
1028 1258 1120 1311 eadam
1135 1258 1213 1310 modo

89 1338 132 1391 Iao
147 1342 222 1394 modo
243 1341 290 1394 illa
305 1341 391 1395 lormd
406 1344 528 1412 profert,
552 1342 628 1394 cerni
649 1341 871 1395 vultHerudotai
893 1342 985 1412 operis
1005 1336 1213 1414 artificium**).

88 1422 140 1476 Hac
156 1427 243 1495 igitur
263 1427 308 1480 via
323 1444 491 1497 progressus
513 1427 556 1479 vir
576 1427 675 1479 doctus
695 1427 813 1479 infinitis
834 1426 902 1479 locis
924 1445 1004 1480 veras
1022 1426 1215 1481 vocabulorum

87 1507 177 1563 formas
186 1512 296 1565 invenit
309 1521 392 1582 atque
408 1512 527 1565 feliciter
538 1510 681 1564 Herodoto
693 1512 831 1578 restituit:
853 1528 939 1582 quare
954 1513 1027 1564 hunc
1042 1513 1146 1579 virum,
1171 1512 1214 1564 cui

87 1605 208 1662 quantum
229 1596 406 1665 deberemus,
431 1600 483 1650 Iam
503 1597 532 1649 in
549 1597 720 1666 praelatione
740 1595 813 1665 (Vol.
829 1598 852 1650 I.
868 1617 895 1667 p.
910 1596 946 1665 Χ)
969 1598 1091 1666 professi
1109 1614 1213 1664 sumus,

86 1680 156 1749 sequi
169 1681 198 1735 in
213 1682 339 1753 plurimis
360 1683 431 1735 haud
446 1682 647 1751 dubitavimus,
670 1699 740 1753 quae
760 1683 870 1751 abipso
885 1682 927 1734 sie
941 1681 1054 1735 inventa
1069 1690 1096 1735 et
1110 1682 1214 1734 consti-

84 1770 138 1816 tuta
155 1785 217 1820 esse
233 1769 414 1837 putabamus,
438 1776 470 1821 ut
489 1766 599 1820 dubium
621 1767 724 1820 nullum
739 1774 816 1819 esset
833 1766 972 1819 relictum:
1001 1769 1110 1820 cautius
1126 1774 1213 1820 muron

85 1846 109 1899 lu
121 1849 155 1903 iis
169 1852 306 1921 agendum
327 1871 390 1906 esse
407 1852 579 1923 putavimus,
602 1869 674 1921 quae
689 1852 723 1904 ad
744 1852 814 1904 hanc
827 1852 1017 1905 certitudinem
1035 1853 1155 1905 nondum
1167 1852 1215 1905 ad-

84 1932 156 1987 ducta
171 1954 231 1989 cum
248 1945 345 1991 essent
357 1955 448 2007 neque
464 1954 582 2008 unquam
597 1954 629 1989 eo
643 1936 742 1990 adduci
756 1955 839 2007 posse
855 1937 936 1990 nobie
950 1937 1128 2005 viderentur,
1145 1937 1215 1990 satis

85 2021 272 2090 ostenderent,
299 2022 469 2076 Herodotum
489 2023 518 2074 in
543 2022 684 2075 nonnullis
704 2029 779 2076 certe
801 2023 896 2076 formis
918 2022 1089 2091 vocibusque
1107 2023 1146 2074 ita
1169 2041 1215 2076 sa-

84 2101 178 2176 rlasse,
193 2115 225 2161 ut
240 2125 296 2161 uon
313 2124 393 2160 unam
408 2110 519 2162 sormam
535 2114 695 2160 constanter
709 2108 863 2178 admiserit,
880 2108 930 2161 sed
940 2107 1035 2178 plures
1050 2107 1214 2175 adhibuerit,

83 2189 151 2242 modo
167 2192 279 2245 solutas
293 2194 371 2245 modo
386 2200 556 2261 contractas,
574 2193 653 2245 modo
667 2192 777 2246 Ionicus
788 2193 892 2246 aliasve
903 2193 1017 2246 aliarum
1029 2192 1215 2261 dialectorum,

82 2274 149 2327 nodo
164 2295 342 2346 communes,
357 2278 403 2331 vix
422 2278 476 2331 ullo
491 2278 609 2332 certain
626 2278 760 2346 eligendis
772 2278 847 2331 hisce
858 2279 953 2331 formis
965 2278 1083 2347 singulis
1099 2277 1215 2330 consilio

83 2357 186 2431 ductus,
203 2364 257 2416 sed
274 2380 306 2415 eu
321 2363 472 2433 recipiens,
492 2380 563 2435 quae
576 2363 693 2415 animum
705 2363 776 2416 ultro
788 2364 916 2416 subirent
925 2370 1079 2433 sponteque
1089 2381 1120 2415 se
1132 2363 1215 2415 oll'er-

84 2451 149 2497 rent:
170 2455 203 2500 ut
216 2448 291 2501 adeo
306 2449 373 2502 haec
385 2455 445 2501 tota
459 2467 505 2501 ree
521 2465 538 2499 a
552 2447 696 2517 scriptoris
710 2449 798 2501 animo
814 2466 845 2501 ac
860 2465 944 2502 sensu
960 2449 1080 2518 pendeat
1096 2448 1215 2517 indeque

85 2528 153 2583 auiae
170 2532 321 2587 diiudicari
343 2527 514 2603 possit***).
551 2532 651 2602 Neque
666 2550 733 2587 eane
746 2534 916 2587 Herodotum
931 2534 959 2586 in
977 2533 1019 2587 his
1034 2533 1129 2585 formis
1148 2549 1214 2601 cam,

90 2627 154 2679 quaa
165 2618 283 2688 volunt,
299 2620 481 2672 constantiam
500 2617 626 2672 tenuisse
643 2619 788 2689 omniaque
808 2619 843 2671 ad
860 2636 940 2671 unam
962 2619 1130 2688 eundemque
1147 2636 1211 2670 nor-

90 2711 143 2752 un
159 2705 292 2773 exegisse
313 2703 475 2773 cradam†)=
504 2721 555 2756 nec
574 2703 659 2772 magis
684 2705 790 2757 credam
811 2704 892 2757 nobie
912 2704 995 2757 licere
1018 2704 1121 2757 reiecta
1143 2703 1215 2755 omni

88 2777 200 2841 dirorum
215 2788 386 2858 scriptorum
401 2789 564 2842 auctoritate
583 2788 624 2840 sie
636 2806 732 2857 agere,
753 2797 785 2842 ut
800 2790 887 2842 omnia
901 2790 935 2841 ad
951 2806 1046 2856 unam,
1070 2805 1142 2858 quae
1156 2787 1216 2841 sola

86 2882 139 2921 vcra
152 2875 234 2928 nobis
249 2874 364 2927 videtur
380 2892 452 2943 esee,
469 2891 587 2928 normam
602 2873 753 2941 exigamus,
769 2875 915 2945 ipsumque
928 2873 1095 2927 Bredovium
1107 2873 1215 2925 inveni-

84 2966 132 3007 mus
144 2957 171 3009 in
189 2958 337 3013 nonnullis
352 2961 392 3012 ita
406 2964 587 3027 statuentem,
611 2964 643 3011 ut
658 2959 828 3013 Herodotum
843 2959 970 3030 pluribus
987 2960 1014 3011 iu
1034 2975 1090 3011 uno
1107 2957 1214 3011 eodem·

81 3053 127 3106 que
139 3045 278 3098 vocabulo
293 3044 389 3098 formis
403 3045 555 3114 promiscue
571 3060 651 3097 usum
666 3063 730 3098 esse
743 3046 901 3098 affirmaret.
933 3044 1031 3115 ltaque
1045 3062 1073 3114 p.
1089 3047 1153 3109 196,
1167 3044 1215 3095 ubi

80 3122 109 3176 de
119 3126 202 3182 foruna
215 3129 413 3183 nonnullorum
424 3132 569 3184 verborum
580 3129 609 3181 in
622 3131 688 3182 riex
700 3130 735 3192 ῆο
747 3137 890 3183 contracta
904 3129 976 3198 agit,
992 3128 1127 3195 omnibus,
1143 3144 1215 3198 quae

79 3205 126 3263 luc
143 3215 306 3282 pertinent,
329 3212 398 3267 locis
424 3234 457 3267 ex
477 3214 619 3268 Herodoto
641 3213 761 3267 collectis
783 3222 857 3268 recte
883 3214 980 3284 opinor
1002 3214 1068 3266 haee
1087 3213 1214 3283 scripsit:

77 3292 174 3357 „Plura
187 3300 281 3368 igitur
294 3307 362 3352 sunt
376 3300 511 3370 exempla,
526 3300 575 3352 ubi
587 3299 676 3351 nostri
691 3299 799 3369 quidem
814 3299 877 3353 libri
893 3316 986 3352 omnes
999 3298 1027 3351 in
1042 3299 1145 3350 formas
1160 3314 1214 3349 uon

78 3388 227 3437 eontmctas
239 3385 436 3456 consentiunt,
453 3402 532 3455 quam
546 3383 594 3437 ubi
606 3383 634 3435 in
650 3391 818 3451 contractas,
835 3389 867 3436 ut
878 3400 968 3454 neque
981 3383 1048 3435 haec
1064 3397 1153 3451 neque
1168 3380 1215 3432 illa

75 3476 172 3521 mutare
182 3469 309 3536 audeas,
327 3469 376 3522 sed
388 3472 537 3524 Herodotus
547 3472 602 3541 ipae
611 3471 662 3523 leuc
671 3471 699 3521 ia
713 3489 743 3523 re
754 3472 871 3523 vadosae
881 3471 928 3523 tili
937 3471 1080 3521 censendus
1091 3468 1154 3519 sit.“
1163 3465 1213 3533 Η)

76 3546 168 3621 Neque
183 3555 269 3607 aliter
285 3572 316 3606 se
332 3573 377 3608 res
397 3555 478 3608 lrabet
494 3555 522 3608 in
539 3555 624 3608 verbo
640 3550 747 3625 πλέειν,
770 3554 843 3625 quod
863 3553 957 3606 Ionicc
973 3553 1075 3606 dicitnr
1092 3545 1213 3605 aluere:

75 3670 275 3687 ᾕ--ῇ-

134 3730 160 3799 *l
177 3737 243 3788 Vid.
258 3752 323 3803 pag.
335 3735 369 3786 87
382 3741 411 3787 et
421 3735 463 3787 88.

134 3799 175 3869 “l
193 3805 260 3856 Vid.
274 3820 339 3871 pag.
352 3805 376 3866 7,
393 3805 443 3856 nbi
453 3805 524 3856 haec
537 3806 621 3855 etium
634 3803 711 3855 addit
723 3802 764 3853 vir
776 3802 886 3854 doctus:
906 3818 1014 3870 „nequa
1029 3805 1100 3855 euim
1114 3818 1159 3855 ara
1171 3818 1214 3853 ea-

73 3872 124 3932 tet,
142 3874 167 3922 ai
178 3888 265 3925 omne
279 3873 339 3923 fore
351 3873 515 3924 vocabulum
528 3872 607 3923 modo
620 3872 671 3922 hec
686 3871 765 3922 modo
777 3871 828 3921 illa
840 3871 928 3921 formu
941 3877 1102 3938 usurpasset
1114 3872 1211 3936 (Hero-

74 3934 174 4002 dotus),
188 3941 242 3991 sod
254 3940 443 4006 negligentia,
457 3941 658 4003 inconstantia,
674 3939 764 4005 qualis
777 3945 819 3989 est
831 3939 1038 3990 librariorum.“

134 4003 189 4071 κ)
208 4008 256 4059 cf.
271 4008 416 4059 Meierotto
428 4009 445 4058 l.
458 4009 475 4060 l.
485 4024 549 4074 pag.
562 4007 612 4058 596
625 4008 659 4057 de
671 4008 806 4058 Herodoti
819 4007 941 4058 dialecto
952 4010 1026 4058 inter
1040 4008 1096 4059 alia
1109 4007 1137 4057 id
1150 4021 1214 4073 quo-

73 4086 121 4135 qne
132 4076 282 4127 scribens:
300 4082 435 4142 „peut-on
449 4077 585 4138 conclure,
600 4076 666 4140 qu'il
679 4076 733 4125 suit
745 4076 783 4125 ici
794 4090 849 4126 une
861 4074 937 4141 rdgle
948 4073 1094 4143 generale,
1108 4075 1214 4139 l'usago

72 4153 145 4205 recu,
160 4158 194 4193 aa
206 4144 327 4210 langue,
341 4160 391 4194 sou
403 4144 536 4206 dialectc,
551 4159 585 4194 ou
595 4144 685 4209 plntdt
697 4160 728 4194 ne
737 4145 891 4208 [madro-til
899 4160 949 4209 pos
960 4145 1018 4194 dlre
1031 4147 1091 4211 qa'il
1101 4146 1214 4194 consulte

71 4215 218 4262 moreius
232 4219 261 4262 et
274 4215 300 4261 lo
309 4213 404 4263 suite.“

135 4279 165 4342 †)
184 4280 271 4331 Cous.
286 4280 369 4331 etiam
388 4296 458 4346 quaa
476 4280 532 4330 dixi
550 4280 578 4328 iu
590 4279 608 4330 J
611 4280 706 4331 ahrhb.
720 4280 738 4329 f.
752 4279 890 4345 PhIlolog.
903 4279 962 4329 Vol.
977 4281 1000 4329 L
1014 4278 1110 4344 (1847).
1124 4296 1150 4345 p.
1164 4277 1214 4329 374

71 4356 185 4478 “unffi
206 4415 291 4466 conf.
304 4419 388 4468 etiam
404 4422 473 4467 nott.
487 4416 522 4466 ad
534 4416 615 4480 VIII,
630 4415 652 4465 l.

116 4518 285 4562 nnsonon.
300 4522 342 4564 ιι.
971 4504 1011 4565 30
