2900 5122
220 375 284 435 254

656 364 926 426 HERODOTI

220 538 304 611 ἄλλα
321 542 376 610 καὶ
395 535 620 629 εὐῦὃρότερος.
658 541 690 619 ἐς
715 541 834 607 τοῦτον
862 534 903 625 δή
929 534 987 607 τὸν
1013 540 1121 626 χοῖρον
1147 540 1202 607 καὶ
1230 538 1284 606 ἐπὶ
1301 534 1362 624 τήν

221 641 349 732 κρήνην
365 638 427 730 τήν
445 648 661 731 Γαργαφίην,
679 637 742 728 τήν
760 642 792 720 ἐς
809 641 857 732 τῷ
874 636 970 732 χοίρῳ
987 637 1094 731 τούτῳ
1114 642 1251 728 ἐοῦσαν,
1272 642 1365 722 ἔδοξέ

222 765 281 833 σφι
300 741 407 835 χρεών
431 742 517 812 εἶναι
539 738 736 830 ἆτικέσθαι,
764 743 819 810 καὶ
845 743 1082 830 διαταχθέντας
1105 739 1362 828 στρατοκεὸεύε·

221 859 311 916 σθαι.
346 841 583 932 Ἀναλαβόντες
611 844 648 912 δὲ
673 841 713 913 τὰ
737 837 823 913 dorla
850 839 948 930 ήίσαν
977 839 1031 911 oni
1054 845 1111 930 τῆς
1135 837 1280 932 ὖαορέης
1303 846 1363 913 τοῦ

220 951 434 1037 Κιθαιρῶνος
451 942 540 1035 παρὰ
554 942 666 1026 Ὑσιὰς
685 948 717 1026 ἐς
735 941 798 1033 τήν

814 949 1004 1014 Πλαταιΐδα
1020 947 1094 1033 γῆν·
1112 939 1308 1034 ἀπικόμενοι
1327 944 1363 1013 δὲ

222 1048 397 1119 ἐτάσσοντο
424 1045 507 1118 κατὰ
533 1054 636 1117 ἔθνεα
662 1054 805 1134 πλησίον
821 1048 881 1134 τῆς
898 1073 934 1115 τε
952 1043 1076 1134 κρήνης
1093 1048 1151 1135 τῆς
1168 1053 1363 1136 Γαργαφίης

220 1153 276 1221 καὶ
293 1154 355 1221 τοῦ
371 1152 522 1240 τεμένεος
539 1152 600 1219 τοῦ
614 1144 870 1238 Ἀνδροκράτεος
887 1150 948 1216 τοῦ
965 1143 1089 1237 ήριοος,
1117 1144 1173 1217 διὰ
1194 1145 1312 1238 ὄχθων
1329 1175 1364 1217 τε

255 1340 302 1399 lut
318 1340 372 1414 τήν
389 1339 499 1414 κρήνην
511 1340 565 1413 τήν
578 1343 762 1411 Γαργαφίην]

220 1417 293 1466 Fons
305 1417 371 1475 iste,
391 1418 468 1465 ouirrs
481 1417 583 1465 mentio
597 1430 702 1480 quoqne
715 1415 762 1475 lx,

219 1484 262 1533 49.
275 1484 317 1533 50.
335 1485 367 1533 52
386 1498 513 1533 oceasum
530 1499 626 1534 versus
643 1484 678 1532 ab
696 1483 765 1544 Ery·

220 1552 288 1601 thris
311 1551 487 1617 prosiliebat3
511 1551 582 1601 unde
608 1565 680 1615 aqua
700 1551 764 1598 Pla-

221 1626 300 1669 taons
334 1634 429 1670 versus
458 1619 512 1668 suit
543 1619 662 1667 deducto
692 1621 763 1668 teste

220 1688 339 1737 Peneon.
353 1687 406 1749 lx,
421 1688 446 1740 4.
459 1687 482 1748 5.
496 1686 525 1747 3,
539 1686 587 1736 uhi
599 1686 654 1735 vid.
668 1684 763 1736 Siobe·

220 1756 263 1805 lis.
282 1755 351 1804 add.
366 1755 396 1805 C.
409 1754 443 1804 Ο.
456 1753 585 1805 Mueller:
600 1753 763 1803 Orchomeu.

220 1840 246 1889 p.
259 1822 383 1873 4890011.
393 1822 468 1874 Guil.
478 1823 516 1872 Le
529 1820 624 1887 philol.
635 1822 665 1869 V.
678 1838 702 1886 p.
714 1819 764 1871 309

220 1907 292 1955 seq.‚
306 1891 414 1955 Unger:
432 1890 567 1940 Paradox.
581 1889 685 1939 Thebb.
699 1903 764 1954 pag.

220 1958 283 2019 374),
300 1958 478 2008 Muenseher:
503 1958 546 2007 De
561 1956 637 2006 rebb.
651 1956 764 2006 Platae·

220 2026 536 2154 hezelinlalfil
552 2024 764 2141 {tilithi

220 2160 319 2210 uberat
335 2159 369 2208 ab
389 2159 477 2209 O'eroi
496 2175 529 2209 ao
546 2159 648 2223 viginti
667 2158 765 2208 stadiis

219 2227 283 2290 (lx,
297 2226 341 2290 52)
360 2227 394 2276 ab
407 2227 517 2277 Heroeo
529 2227 604 2276 urbis
616 2226 763 2275 Plataeen-

219 2296 272 2358 sis,
296 2296 346 2344 nbi
369 2296 439 2346 situs
462 2295 560 2357 inerit,
587 2294 610 2345 si
634 2308 763 2359 quaeras,

219 2379 304 2429 prope
315 2363 494 2414 hudroeratis
508 2363 601 2413 lanum
614 2362 689 2412 illum
703 2377 764 2427 pro-

219 2431 342 2493 siluisse,
358 2431 455 2482 eadem
467 2431 560 2482 Nostri
572 2430 658 2482 verba
671 2428 764 2479 deols·

219 2515 280 2550 rare
305 2500 444 2551 videntur:
468 2499 647 2550 Androeratis
672 2503 763 2548 nutem

219 2569 313 2617 fanum
336 2573 408 2618 teste
426 2567 586 2632 Thucydide
604 2567 660 2627 111,
678 2566 712 2614 24
729 2565 764 2614 nd

219 2635 342 2685 dextram
368 2637 429 2685 viae
454 2637 490 2685 ab
514 2636 581 2685 urbe
602 2633 764 2684 Plataeensi

217 2702 329 2753 Thebas
339 2703 464 2753 ducentis
474 2703 668 2767 quaerendum,
682 2716 764 2750 unum

218 2770 278 2820 lere
301 2770 459 2819 milliarium
484 2770 518 2819 ab
536 2770 604 2820 urhe
621 2775 763 2819 remotum.

218 2838 280 2887 Huc
314 2842 406 2887 autem
439 2843 623 2902 pervenerunt
652 2837 762 2897 Graeci,

218 2910 361 2970 postquam
383 2920 433 2969 per
450 2904 633 2968 Cythaeronis
650 2903 764 2954 declivi-

217 2978 292 3021 tates
304 2972 333 3035 (i.
348 2988 372 3021 e.
386 2988 435 3037 per
447 2974 523 3021 vicos
536 2971 656 3021 Katuula
668 2976 697 3020 et
709 2972 763 3019 Bu·

219 3039 313 3101 bulsa),
327 3040 430 3102 Hysias
442 3040 541 3089 deinde
553 3044 763 3104 praetereuntes

217 3108 246 3156 in
259 3122 355 3172 agrum
367 3106 562 3157 Plataeensem
575 3108 762 3157 intraverant:

218 3177 312 3240 itaque
336 3175 365 3224 iu
389 3174 507 3240 planitie
523 3176 644 3239 Asopum
668 3189 763 3225 versus

218 3248 333 3293 extensa
346 3244 451 3293 iontem
463 3242 570 3292 huncce
586 3258 702 3307 quaeras
714 3258 762 3291 ue-

218 3327 297 3362 cesse
310 3317 365 3373 est,
379 3326 468 3377 neque
480 3310 527 3360 ille
542 3310 617 3372 fons,
632 3311 677 3361 eui
690 3325 762 3360 nune
791 3370 794 3375 Ι

217 3395 316 3429 nomen
330 3381 483 3445 Vergiliani
491 3394 514 3431 s.
528 3381 555 3429 V
552 3380 700 3444 apertiori,
713 3394 762 3443 pro

218 3448 379 3513 Gargaphia
402 3453 497 3498 sotere
527 3447 625 3498 haberi
651 3448 760 3512 poterit,

216 3521 247 3564 ut
263 3515 329 3565 olim
346 3521 546 3581 proposuerunt
562 3514 659 3580 Squire
678 3513 762 3579 (apud

216 3582 358 3647 Walpole:
370 3584 499 3634 Memoirs
511 3599 575 3649 pag.
587 3582 637 3634 333
649 3584 719 3648 seq.)
733 3588 762 3631 et

217 3649 318 3700 Clarke
337 3650 463 3713 (Travels
478 3652 518 3712 11,
531 3651 556 3702 3.
572 3667 599 3716 p.
617 3649 675 3713 83),
697 3664 761 3714 qno·

216 3719 291 3767 niam
309 3719 450 3768 meridiem
467 3733 563 3770 versus
581 3719 616 3768 ab
634 3718 700 3768 urbe
714 3734 759 3768 en·

217 3786 303 3835 oritur
327 3786 362 3836 ad
385 3787 458 3836 viam
482 3786 605 3851 Megaris
628 3786 760 3836 Plataeas

216 3852 371 3903 dueentem.
399 3855 487 3918 Prope
502 3854 595 3904 lanum
607 3855 760 3904 Audroora·

215 3922 251 3969 tis
262 3920 423 3986 Gargaphia
435 3922 592 3985 quaerenda
605 3924 666 3984 erit,
680 3936 760 3985 quam

216 3988 335 4038 mediam
355 3990 428 4039 iuter
445 3990 523 4038 vicos
540 3988 660 4039 Platona
677 3995 760 4053 utque

215 4055 354 4105 Krialruki
370 4057 453 4106 sitam
470 4057 557 4106 fuisso
575 4071 608 4105 eo
625 4056 686 4107 loco
703 4062 760 4106 stn-

215 4124 760 4185 tuitLeakel'lravelsiuNorlh.Greeee

215 4193 252 4242 Il.
270 4208 297 4258 p.
309 4190 367 4242 332.
381 4191 457 4255 343),
475 4207 527 4257 quo
546 4191 635 4241 adhue
651 4192 760 4257 lapides

215 4262 318 4311 vetusti
335 4261 427 4326 operis
444 4260 547 4310 iontem
566 4260 700 4324 quendam
717 4260 760 4309 in·

216 4329 342 4382 eludunt:
365 4329 492 4394 idemque
513 4330 614 4379 usserit
629 4328 760 4379 Vischer:

817 1346 1018 1411 Erinneruugg.
1033 1361 1083 1396 aus
1094 1345 1252 1396 Grieehenl.
1266 1361 1294 1412 p.
1305 1344 1364 1396 549.

816 1413 906 1463 Alium
925 1414 1041 1475 fontem,
1061 1415 1107 1478 qni
1126 1415 1265 1479 copiosam
1287 1415 1363 1463 emit·

816 1486 859 1531 tat
875 1497 989 1546 aquam,
1013 1482 1102 1546 magis
1121 1497 1250 1532 oceasum
1265 1496 1364 1531 versus

817 1556 845 1598 et
857 1550 951 1599 urbem
968 1550 1079 1615 propius
1097 1550 1179 1600 situm
1196 1565 1244 1615 pro
1258 1550 1365 1614 Garga·

816 1616 882 1682 phin
893 1616 991 1667 haberi
1005 1617 1063 1667 vult
1076 1617 1232 1683 Goettliug:
1245 1617 1361 1667 Gesam·

816 1685 892 1734 melt.
904 1684 1051 1735 Abhaudll.
1065 1700 1129 1751 pag.
1145 1683 1200 1735 136.
1230 1685 1271 1734 Ae
1287 1685 1363 1736 deni·

816 1767 867 1817 qne
886 1753 985 1803 Grote:
1004 1752 1118 1817 History
1135 1754 1165 1803 οί
1181 1753 1291 1803 Greeee
1304 1753 1363 1803 Vol.

815 1821 847 1870 V.
858 1837 884 1885 p.
893 1820 943 1869 222
956 1837 989 1871 eo
998 1820 1124 1882 inclinat,
1138 1826 1168 1870 ut
1181 1821 1286 1871 fontem
1301 1820 1364 1871 olim

815 1888 1363 1954 fluentemnnncdeleoissenecamplius

815 1956 897 2006 hodie
911 1957 1028 2008 inveniri
1040 1972 1120 2021 posse
1135 1956 1302 2015 arbitretur;
1323 1956 1363 2006 cui

817 2024 878 2073 add.
891 2024 1034 2074 Wheeler:
1054 2024 1220 2090 Geogrsphy
1233 2025 1264 2075 ol
1275 2026 1363 2074 Hero·

815 2091 870 2142 dot.
886 2107 950 2157 pag.
964 2091 1006 2142 71.

849 2155 928 2221 παρὰ
941 2150 1043 2225 Ὑσιὰς]
1064 2160 1083 2208 i.
1096 2175 1120 2210 e.
1131 2166 1241 2224 praeter
1254 2160 1361 2222 Hunos,

816 2232 846 2277 ut
859 2228 890 2287 V,
904 2228 944 2277 74.
960 2229 1006 2290 Vl,
1020 2228 1074 2277 108.
1094 2229 1135 2277 De
1149 2230 1211 2292 ipsa
1222 2228 1293 2277 urbe
1307 2230 1362 2278 dini

816 2295 852 2344 ad
864 2296 910 2357 IX,
928 2294 966 2345 15.
1003 2296 1081 2357 Quae
1097 2297 1228 2345 contiuuo
1241 2310 1362 2362 sequun-

815 2368 860 2413 tur
877 2356 905 2421 ίς
922 2356 974 2428 τήν
987 2359 1155 2414 Πλαταιίδα
1173 2361 1229 2428 γῆν
1245 2365 1277 2427 (i.
1297 2381 1323 2414 e.
1338 2367 1363 2413 in

815 2447 903 2495 ugrum
914 2431 1115 2493 Plataeensem),
1134 2431 1253 2507 Gailqlre
1264 2432 1363 2512 philol.

816 2499 862 2547 lv.
880 2515 907 2563 p.
926 2498 976 2548 284
999 2498 1166 2563 obsequens
1190 2514 1363 2565 οιτικομετοι

815 2566 936 2632 intelligi
954 2566 1026 2618 vult:
1045 2568 1175 2617 merchant
1192 2583 1252 2617 nera
1267 2573 1293 2618 le
1310 2576 1362 2618 ter·

815 2637 906 2684 ritoire
935 2636 967 2685 de
995 2636 1101 2691 Plotio.
1135 2635 1363 2699 quemadmodum

815 2701 897 2767 paulo
920 2707 985 2752 aute
1007 2693 1216 2768 ἐπικαταβῆναι
1237 2695 1266 2761 ἐς
1285 2703 1364 2755 ma·

815 2765 898 2828 ταιιὲς
915 2772 1056 2821 descendre
1073 2786 1132 2821 vers
1148 2771 1247 2820 Platea.
1277 2772 1363 2836 Equi·

815 2837 875 2888 dem
894 2854 942 2888 our
964 2838 1112 2903 avulgata
1130 2839 1362 2903 interpretatione

815 2906 956 2968 recedam,
971 2906 1044 2957 houd
1056 2906 1191 2969 intelligo.

848 2972 900 3025 τοῦ
922 2971 1054 3038 τεμένεος
1074 2972 1125 3024 τοῦ
1147 2967 1363 3038 Ἀνδροκράτεος

814 3040 866 3092 τοῦ
881 3033 983 3107 ἥρωος]
1004 3043 1176 3092 Androcrotis
1191 3043 1289 3092 fanum
1303 3060 1362 3109 pro·

814 3111 877 3174 pius
901 3111 981 3160 abest
1007 3110 1042 3159 ab
1067 3112 1128 3176 ipsa
1151 3109 1362 3161 Plataeeuaium

813 3177 895 3240 ruba,
914 3178 987 3227 haud
1005 3177 1118 3228 multum
1135 3195 1152 3227 a
1165 3177 1278 3228 Cereris
1295 3184 1363 3229 tem·

813 3244 859 3310 plo
872 3247 953 3296 sitnm
962 3261 1046 3311 prope
1057 3249 1130 3296 viam
1139 3245 1253 3296 Thebas
1263 3247 1363 3296 ducen-

814 3320 869 3362 tem
879 3312 927 3375 (of.
934 3313 1029 3380 Unger
1039 3314 1173 3363 Paradox.
1180 3313 1361 3380 Thehbpag.

813 3380 883 3444 275),
897 3380 958 3432 loeo
971 3383 1061 3431 minus
1074 3388 1138 3447 apto
1151 3387 1207 3431 tam
1220 3382 1362 3447 peditibus

814 3464 894 3513 qnam
913 3450 1058 3514 equitibus.
1088 3449 1151 3499 vid.
1168 3448 1242 3499 Gall.
1261 3449 1281 3500 1.
1298 3450 1317 3499 l.
1329 3450 1361 3500 V.

812 3532 839 3581 p.
852 3515 999 3579 300-306,
1018 3518 1121 3567 Kruse:
1137 3516 1213 3566 Hell.
1227 3517 1272 3580 11,
1293 3517 1315 3567 l.
1334 3534 1361 3583 p.

812 3582 870 3645 eho,
884 3585 981 3635 Leake
992 3585 1010 3634 l.
1023 3584 1049 3646 1.,
1064 3585 1134 3635 alios
1147 3584 1232 3646 (coni.
1243 3591 1316 3636 nott.
1327 3585 1361 3636 ed

810 3653 862 3710 lx,
880 3652 924 3715 51)
948 3658 977 3703 et
994 3652 1105 3704 tabulas
1121 3646 1265 3715 idieotas,
1290 3668 1360 3719 quae
1442 3718 1443 3721 Ἴ

811 3720 894 3770 totins
907 3722 1028 3786 regionis
1040 3721 1182 3772 contiueat
1194 3720 1361 3772 delineatio
1442 3732 1443 3753 ι

812 3803 883 3838 nem.
912 3790 955 3838 De
972 3790 1031 3854 ipso
1050 3789 1133 3839 heroli
1151 3789 1267 3853 antiquo
1285 3789 1359 3839 eous.

812 3856 911 3905 Wasse
929 3856 966 3905 ad
977 3856 1130 3920 Thucydid.
1144 3856 1198 3916 111,
1216 3858 1251 3906 24
1270 3862 1298 3907 et
1313 3873 1360 3922 po·

811 3922 945 3973 tissimum
962 3923 1104 3974 Plutarch.
1120 3925 1176 3973 Vit.
1189 3924 1304 3974 Aristid.
1320 3923 1360 3974 ll.

811 4007 877 4057 pag.
895 3991 953 4043 325.
970 4017 1004 4028 —·
1027 3991 1069 4041 Ad
1085 4007 1170 4043 voees
1188 3984 1240 4041 deti
1261 3981 1360 4058 ὄχθων

811 4058 970 4124 (porcellos)
983 4060 1056 4111 conl.
1066 4060 1114 4121 IX,
1125 4058 1167 4109 56.
1181 4057 1215 4109 59
1228 4065 1259 4110 et
1271 4060 1360 4110 allata
1441 4086 1442 4101 ι

813 4127 847 4177 ad
860 4127 898 4177 1v
904 4165 910 4189 ,
924 4125 982 4177 201.
1018 4128 1072 4178 Pro
1089 4125 1196 4192 χωρίου
1207 4132 1266 4178 tres
1279 4127 1359 4178 eodd.

812 4187 913 4261 χοίρου.
948 4194 1037 4260 Atque
1051 4195 1120 4246 alibi
1134 4210 1239 4260 quoque
1253 4194 1360 4261 poploe

811 4263 846 4312 ds
858 4263 918 4313 loeo
930 4264 1055 4328 spatioso
1067 4262 1208 4317 adhiberi.
1224 4270 1257 4313 ut
1268 4264 1312 4324 11,
1325 4262 1359 4312 eo
1440 4312 1441 4317 ,

811 4331 941 4383 observat
953 4330 1241 4403 Schweighaeuserus.
1272 4329 1359 4381 lutol-
