2866 5134
301 399 362 461 434
711 393 1026 455 ΟΟΜΜΙΙΝΤΑΤΙΟ

303 570 361 622 160.
387 567 446 620 Vol.
463 568 486 621 l.
509 587 537 638 p.
553 572 603 623 317
626 565 688 619 coll.
706 566 758 635 v1,
775 571 817 622 37.
840 566 901 620 Vol.
917 566 969 621 ΙΙΙ.
985 585 1049 638 pag.
1066 571 1117 623 269
1137 574 1211 636 atque
1230 566 1259 618 de
1270 566 1373 621 neumis

303 652 381 704 cuiue
397 652 483 705 libros
496 661 527 705 ut
536 652 678 706 Herodoto
690 652 816 721 cognitos
828 653 932 704 larissae
945 659 1077 719 statuam,
1093 649 1375 723 quemadmodumquibae

301 737 360 789 dum
376 736 512 806 placuisse
531 739 621 805 video,
636 738 686 789 abs
702 754 742 789 me
753 737 898 805 impetrare
914 736 985 790 haud
1000 755 1121 808 possum,
1138 754 1192 790 cun
1204 742 1269 790 certa
1281 731 1377 787 buimni

300 822 402 874 indicia
426 823 518 875 desint
545 823 648 875 omnia:
674 822 751 876 immo
777 828 851 873 recte
873 822 936 873 mibi
953 829 1076 876 statuere
1092 817 1376 883 videturDablmmn.(iu

299 906 433 959 Herodot.
450 926 478 977 p.
496 908 571 975 127),
595 915 623 961 et
637 906 821 970 Hellanicnm‚
843 907 890 977 qui
906 907 1047 960 Herodoto
1064 908 1118 961 fuit
1133 925 1183 961 non
1196 905 1269 960 multo
1283 901 1377 965 iunior).

255 1010 261 1023 ·
300 999 328 1043 et
347 991 517 1045 Herodotum
539 993 578 1044 ita
603 992 768 1061 scripsisse,
791 998 822 1042 ut
843 999 942 1044 neuter
964 992 1079 1045 alterius
1096 987 1378 1062 scriptacognitababre
1406 1030 1407 1033 ,

304 1075 400 1144 ritu).
433 1077 496 1139 Quo
521 1085 548 1129 et
570 1077 638 1128 illud
657 1077 737 1142 facit,
760 1075 834 1146 quod
853 1075 993 1129 Sturzium
1016 1078 1050 1129 ad
1065 1078 1197 1131 Hellanici
1215 1072 1379 1144 fragma-pli

301 1161 466 1214 observasse
474 1163 568 1214 vidaoz
580 1161 750 1214 Herodotum
757 1160 870 1229 primunr
883 1161 936 1212 sibi
948 1162 1036 1215 rideri
1048 1180 1183 1232 exponere
1195 1162 1225 1214 de
1235 1158 1379 1213 constitutam

301 1245 469 1315 reipublicae
492 1247 645 1300 Laconicae
668 1244 715 1311 VI,
731 1248 775 1311 55,
791 1246 916 1314 quamvis
937 1264 951 1298 e
972 1246 1109 1300 Strabone
1125 1254 1226 1317 pateat,
1242 1246 1287 1297 ium
1298 1238 1378 1295 namt

298 1348 357 1382 cum
378 1348 410 1384 ea
429 1331 463 1383 de
477 1350 507 1384 re
522 1332 622 1400 egisse.
647 1331 737 1399 Atque
753 1329 823 1382 idem
839 1329 969 1383 Sturaius
987 1330 1004 1383 l.
1022 1331 1039 1383 l.
1055 1350 1083 1401 p.
1103 1334 1202 1387 13-16
1220 1329 1279 1383 talia
1294 1329 1379 1388 afferte

298 1414 401 1484 quibus
431 1416 602 1469 Herodotum
629 1415 723 1485 potius
756 1415 790 1467 ab
818 1413 961 1489 lelanico
987 1417 1159 1486 compilatum
1182 1416 1263 1468 fuisse
1284 1409 1377 1466 coniicias.

297 1498 370 1552 Hinc
396 1517 463 1553 varo
488 1500 664 1554 diiudicanda
681 1505 771 1565 erunt,
798 1515 869 1569 quae
884 1499 1039 1567 Dionysius
1058 1499 1300 1554 Halicarnasseusis
1317 1492 1375 1547 suu

299 1583 419 1654 Pompei.
436 1602 463 1654 p.
484 1589 534 1639 128
556 1585 683 1654 scripsit:
697 1578 956 1652 Ἡρόδοτος-τοῖν
976 1580 1042 1653 πρὸ
1064 1579 1173 1640 αὐτοῦ
1190 1579 1375 1663 συγγραφέων

296 1667 420 1738 νομένων
435 1663 595 1724 Ἑλλανίκου
618 1664 648 1722 δὲ
669 1668 718 1722 καί
735 1663 871 1735 Χάρωνος
889 1662 942 1737 τὴν
963 1663 1053 1740 αὑτὴν
1074 1664 1213 1725 ὑπόθεσιν
1228 1664 1377 1739 προειδείη

295 1772 352 1807 των
367 1748 419 1808 οὐκ
434 1747 616 1825 ἀπετράπετο,
632 1747 692 1808 ἄλλ’
708 1749 866 1808 ἐπίστευσεν
880 1746 973 1807 αὐτῶν
987 1751 1115 1824 κρεῖσσόν
1130 1775 1156 1810 τι
1170 1750 1285 1823 ἐξοίσειν,
1296 1744 1380 1814 ὄστρεά

296 1841 440 1909 πεποίηκε.
467 1841 579 1903 Quibus
601 1840 712 1892 obstare
727 1839 867 1905 ridentur,
883 1856 954 1909 quac
970 1857 1003 1893 ex
1018 1840 1176 1912 Porphyrio
1196 1840 1276 1893 refert
1287 1830 1382 1890 asoto

299 1925 326 1976 in
341 1924 501 1995 Praeparat.
518 1923 652 1993 Evangel.
673 1924 707 1992 X,
728 1926 753 1978 3.
771 1940 834 1992 pag.
855 1926 907 1977 466
927 1923 975 1994 (Τ.
994 1926 1031 1977 ΙΙ,
1047 1944 1075 1996 p.
1091 1930 1145 1980 456
1161 1923 1317 1988 Gaisurdn:
1329 1914 1386 1970 saln'
1408 1922 1409 1998 ]

294 2003 362 2077 ὑμῖν
384 2007 465 2081 λέγω,
488 2004 525 2072 ὥς
543 2006 578 2063 τά
601 2003 756 2082 βαρβαρικὰ
778 2001 882 2078 νόμιμα
897 2001 1059 2064 Ἑλλανίκου
1082 2005 1112 2065 ἒν
1134 2011 1190 2065 τοῖν
1209 2001 1338 2077 Ἡροδότου
1354 1994 1383 2051 “l
1408 2002 1409 2063 l

296 2088 430 2163 Δαμάσου
459 2093 524 2163 (leg.
544 2089 726 2163 Δαμάστου;
754 2111 815 2146 nam
831 2088 980 2164 Δαμάστης
998 2095 1136 2148 Hellanici
1162 2092 1304 2164 discipulus
1321 2084 1384 2139 lidur
1408 2118 1409 2127 .

296 2179 368 2248 apud
381 2179 493 2232 Suidam
509 2198 531 2232 s.
553 2198 578 2231 r.
594 2172 758 2248 Δαμάστης)
774 2180 922 2248 condurat:
943 2180 1016 2232 unde
1029 2180 1168 2233 Herodoti
1191 2178 1287 2232 scrinia
1304 2166 1382 2227 nouo

296 2280 356 2316 cum
382 2264 543 2333 compilasse
567 2282 599 2316 co
624 2264 711 2331 magis
727 2262 840 2331 credas,
866 2263 940 2333 quod
956 2282 1023 2319 sane
1039 2265 1173 2317 nonnulla
1187 2281 1220 2318 ex
1239 2263 1286 2316 hoc
1295 2248 1380 2313 nmis

298 2367 380 2418 opere
403 2351 597 2418 proferuntur,
622 2366 681 2402 cum
702 2348 869 2401 Herodoteis
895 2349 934 2401 ita
956 2351 1149 2419 congruentia,
1174 2356 1206 2402 ut
1219 2348 1280 2400 inde
1294 2334 1376 2397 pmii

296 2434 428 2486 deantur:
443 2434 493 2487 sed
510 2434 579 2487 satis
594 2435 748 2503 probarunt
763 2431 816 2485 viri
832 2433 905 2485 docti
921 2433 1036 2503 (llliillcr
1053 2436 1191 2504 Fragmm.
1209 2434 1271 2486 hist.
1291 2416 1376 2480 Garsi.
1408 2406 1409 2479 l

295 2537 322 2588 p.
344 2517 416 2570 XXX
435 2538 523 2589 seqq.,
546 2518 651 2571 Prcller
675 2519 716 2571 De
730 2517 874 2571 Hellanico
890 2518 992 2570 Lesbio
1016 2536 1045 2588 p.
1066 2521 1092 2586 5,
1114 2520 1149 2571 Α.
1172 2518 1207 2571 de
1230 2503 1379 2569 Guaetaitb

294 2602 430 2671 Philolog.
452 2603 486 2656 X.
507 2622 534 2673 p.
557 2605 608 2657 538
625 2606 698 2675 seq.)
718 2603 829 2674 ipsique
848 2603 901 2655 iam
921 2620 1006 2672 supra
1021 2603 1048 2655 in
1065 2609 1139 2656 nott.
1155 2604 1189 2655 ad
1206 2602 1251 2669 lv,
1270 2602 1299 2655 95
1311 2586 1382 2647 Xdll·

295 2705 322 2756 p.
338 2691 390 2741 486
405 2689 567 2757 monuimus,
584 2689 626 2741 hlc
643 2688 817 2756 cogitandum
829 2706 892 2741 esse
906 2687 939 2740 de
955 2688 1119 2757 posterioris
1138 2688 1237 2742 aetatis
1255 2701 1331 2755 opera,
1341 2669 1386 2746 414

294 2773 347 2824 sub
375 2772 444 2826 falso
461 2772 597 2826 Hellanici
621 2773 728 2826 nomine
753 2772 893 2840 vulgatum
920 2780 972 2825 est.
1006 2772 1104 2842 ltaque
1120 2773 1150 2825 in
1173 2791 1206 2826 ee
1225 2764 1386 2828 tenuatim·

295 2857 374 2925 sisto,
391 2866 423 2910 ut
436 2875 527 2928 neque
543 2857 713 2911 Herodotum
734 2858 768 2909 ab
783 2857 936 2923 Hellanico,
954 2874 1044 2927 neque
1058 2857 1233 2911 Hellanicum
1246 2855 1278 2908 ab
1289 2844 1387 2905 uersu
1408 2874 1409 2935 p

294 2941 442 2995 adhibitum
469 2961 532 2995 esse
557 2943 715 2996 existimem.
751 2945 880 2996 Cadmum
901 2943 1043 3009 Milesium,
1071 2958 1157 2996 unum
1184 2961 1199 2995 a
1221 2937 1312 3011 prioris
1322 2924 1387 2984 1444111
1408 2966 1409 3021 p

293 3024 480 3095 logographis,
499 3044 561 3079 num
576 3027 736 3080 Herodotus
751 3027 861 3080 noverit
875 3036 958 3098 atque
975 3027 1003 3079 in
1021 3045 1103 3097 opere
1121 3044 1185 3095 suo,
1205 3018 1384 3085 notuerunt
1408 3030 1409 3093 Ι

293 3110 425 3181 disputat,
442 3111 605 3181 respexerit,
621 3112 692 3164 haud
706 3112 851 3164 affirmem:
874 3113 935 3165 fieri
956 3118 1030 3165 certe
1050 3111 1078 3163 id
1094 3112 1223 3181 potuisse
1238 3100 1351 3162 mutendi
1364 3096 1383 3143 1·

296 3196 329 3249 de
351 3196 513 3249 Gutsclrmid
536 3194 553 3247 1.
575 3196 594 3248 Ι.
611 3214 674 3266 pag.
690 3201 742 3250 522
768 3214 827 3267 seq.
853 3197 933 3261 Quae
951 3213 1010 3249 cum
1035 3196 1074 3248 ita
1100 3196 1169 3264 sint,
1198 3211 1268 3248 unus
1291 3180 1384 3243 semel

293 3283 453 3349 Hecataeus,
481 3299 560 3353 quem
576 3281 680 3335 Noster
705 3281 831 3352 pluribus
853 3300 920 3335 saue
937 3281 1004 3334 locis
1021 3282 1155 3350 respexit,
1171 3263 1388 3351 praeuerti-init

293 3471 349 3514 tum
366 3465 482 3531 legitur:
504 3465 577 3530 „hoc
600 3466 685 3514 atium
703 3462 815 3514 Charon
836 3465 1043 3528 Lampsacenus
1060 3462 1205 3514 Herodoto
1228 3462 1299 3528 prior
1312 3442 1390 3504 trtdll'²

293 3534 404 3583 minime
423 3549 484 3583 cam
507 3534 562 3583 vim
584 3532 687 3582 habere
705 3537 806 3597 potest,
831 3537 862 3581 ut
880 3531 1033 3581 Charouem
1057 3530 1092 3580 ab
1115 3530 1259 3581 Herodoto
1280 3517 1388 3586 conum

294 3605 342 3650 aut
361 3602 526 3666 exscriptum
545 3615 606 3650 esso
626 3600 822 3650 existimemus.
857 3599 900 3648 Tu
918 3599 991 3649 conf.
1011 3600 1097 3649 etiam
1113 3598 1226 3649 Miillor.
1244 3580 1390 3659 Frugtffi·hl

293 3670 404 3719 storicc.
425 3669 540 3719 Graeco.
560 3665 610 3733 (Ι.)
628 3683 692 3733 pag.
710 3668 774 3718 XVI
792 3682 867 3733 seqq.
1386 3676 1409 3759 ,p

361 3734 388 3802 *J
412 3737 488 3787 Vixit
511 3737 584 3786 enim
606 3735 783 3795 Hellanicus,
808 3740 838 3785 ut
860 3735 916 3784 iam
938 3748 1022 3800 supra
1039 3737 1062 3797 ξ.
1082 3732 1098 3783 6
1115 3733 1163 3786 fin.
1183 3731 1318 3784 Miillerum
1331 3718 1391 3771 „ert

292 3805 452 3867 statuimus,
471 3806 544 3855 intra
563 3819 648 3854 annos
664 3802 799 3854 tat-397
819 3806 882 3853 anto
901 3801 964 3852 chr.
983 3817 1011 3851 n.
1029 3801 1188 3852 Herodotus
1206 3807 1245 3865 (v.
1263 3808 1335 3861 supra
1347 3780 1409 3853 ull,

293 3877 374 3923 uatus
393 3878 435 3922 est
452 3872 502 3922 484
521 3877 586 3922 anto
600 3871 655 3921 Chr
681 3887 708 3921 n.
728 3869 786 3936 (rel
798 3870 859 3934 489)
877 3875 906 3920 et
923 3870 994 3920 vixit
1012 3874 1087 3920 certe
1099 3885 1188 3935 usque
1208 3868 1242 3919 ad
1259 3873 1345 3915 anunm
1353 3850 1409 3905 1141

291 3939 337 3990 vel
357 3941 441 3990 etiam
461 3940 566 4004 aliquot
584 3955 670 3989 annos
688 3938 819 4004 amplius;
837 3938 893 3989 vid.
912 3940 937 4000 ς.
956 3938 980 3986 7.

360 4004 403 4073 lW)
420 4007 496 4057 Idem
514 4011 670 4057 statuerunt
688 4006 718 4056 C.
737 4006 839 4057 Milller
859 4006 996 4069 Fragmm.
1014 4006 1087 4055 Hist.
1112 4005 1136 4055 I.
1155 4021 1183 4071 p.
1202 4000 1302 4059 xxix,
1317 3986 1409 4049 Prellffi

291 4075 334 4125 Da
352 4074 500 4125 Hellanico
518 4074 620 4123 Lesbio
639 4090 702 4139 pag.
721 4074 754 4125 52
773 4080 801 4125 et
819 4073 1014 4140 quodammodo
1033 4074 1117 4123 etiam
1134 4072 1229 4122 Mure:
1247 4069 1347 4125 Histors
1357 4060 1409 4105 41ῑῦ

292 4143 339 4192 IV.
358 4160 385 4209 p.
403 4141 461 4193 308.
481 4141 571 4191 Unum
589 4142 700 4191 obstare
718 4142 834 4204 videtur,
855 4141 926 4207 quod
943 4141 973 4191 in
990 4139 1108 4191 Scholiis
1127 4140 1162 4190 ad
1182 4140 1219 4189 So
1237 4133 1318 4186 hoelis
1333 4121 1409 4193 verb,

293 4199 408 4273 εὔστομά
426 4203 472 4274 ἔχε
485 4210 513 4258 in
526 4208 671 4285 Philoctet,
685 4208 733 4258 201
746 4211 912 4275 adscriptum
921 4208 1036 4292 legitur:
1055 4200 1086 4258 τὸ
1100 4201 1132 4258 dl
1145 4220 1259 4259 τοιουτο
1270 4195 1409 4277 aalma,

292 4268 336 4328 dcc
352 4269 516 4335 Ἑλλάνικός
539 4291 622 4327 ποτε
645 4269 898 4341 αναγινοίσνων
919 4292 957 4327 τα
979 4267 1018 4327 Ἦ
1045 4271 1176 4327 odd-:oa
1209 4269 1315 4337 respicit
1329 4261 1357 4311 ad
1370 4254 1409 4304 11Μ

292 4345 350 4403 171,
368 4346 416 4395 ubi
439 4344 492 4422 uid.
516 4348 583 4395 nott.
606 4345 665 4398 Vol.
689 4347 711 4395 Ι
730 4361 758 4409 p.
775 4344 837 4407 814)
856 4339 948 4429 ἔλεγε·
970 4293 1038 4423 optol
1059 4337 1092 4394 δὲ
1114 4276 1207 4393 susal
1230 4353 1277 4407 pat
1299 4321 1394 4412 qim

292 4413 409 4474 κείσθω,
428 4428 462 4463 ου
475 4410 596 4477 διαιρῶν
607 4407 649 4470 είς
661 4411 714 4463 duo
727 4407 824 4475 λέξεις,
844 4403 896 4464 άλλ
926 4405 964 4471 uic
976 4429 1014 4463 αν
1030 4427 1073 4472 τις
1086 4408 1172 4471 alnos,
1192 4406 1282 4459 ταῦτα
1292 4405 1397 4457 ⁶vass
