2826 5132
191 362 251 423 342

627 344 890 408 HERODO'PI

144 540 186 602 84
264 523 356 598 Ἐπεί
369 553 403 594 τε
423 525 461 593 δὲ
479 528 680 611 Μαρδονίου
699 521 837 610 δευτέρῃ
855 514 960 607 ἡμέρῃ
982 513 1000 587 ὅ
1018 513 1135 605 νεκρὸς
1151 512 1324 605 ἠφάνιστο,

190 624 251 699 ὑπ’
269 626 346 698 ὅτευ
364 628 425 716 μὲν
443 622 651 714 ἀνθρώπων,
669 619 706 691 τὰ
724 617 858 708 ἀτρεκὲς
876 615 938 688 οὐκ
956 626 1019 707 ἔχω
1039 624 1164 706 εἰπεῖν,
1187 613 1328 696 πολλοὺς

193 735 232 800 δέ
247 757 338 809 τινας
356 725 422 816 ἤδη
439 729 495 797 καὶ
513 721 747 804 παντοδαποὺς
765 720 893 809 ἥκουσα
909 719 1018 803 θάψαι
1037 718 1254 809 Μαρδόνιον,
1274 720 1327 787 sal

192 928 342 993 repereris,
361 939 431 989 quae
446 938 499 972 non
511 937 620 988 prorsus
632 921 736 971 similia

192 1011 254 1046 curn
271 996 338 1054 sint,
359 991 497 1041 accedant
514 994 589 1038 certe
607 989 736 1054 quodam·

194 1061 272 1112 modo
295 1061 329 1109 ad
348 1059 431 1108 talem
444 1058 565 1107 dentium
583 1057 736 1106 concretio·

192 1145 267 1186 nem,
286 1128 320 1177 de
334 1142 388 1191 qua
401 1125 556 1175 Herodotus
573 1120 676 1189 aliique
689 1138 736 1174 ve·

193 1202 281 1245 terum
301 1195 450 1259 scriptores
467 1195 612 1241 testantur.
641 1192 736 1255 Neque

193 1263 277 1314 etiam
300 1261 372 1327 apud
390 1262 518 1326 antiquos
536 1258 657 1308 medicos
679 1257 738 1307 ulla

193 1331 273 1380 huius
282 1331 323 1378 rei
333 1329 449 1389 mentio,
463 1330 675 1391 commemorant
684 1325 737 1375 hoc

193 1399 252 1447 sive
273 1397 370 1445 vitium
392 1412 414 1446 s.
435 1408 553 1444 errorem
574 1400 691 1443 naturae
709 1394 738 1442 in

194 1463 398 1514 conformandis
411 1463 540 1512 dentibus
558 1477 612 1510 non
624 1461 678 1510 nisi
690 1461 737 1510 de·

195 1533 260 1581 cimi
281 1532 353 1580 sexti
377 1535 405 1579 st
424 1528 534 1595 septimi
558 1529 647 1577 seculi
671 1528 738 1577 artis

195 1599 319 1648 medicae
329 1599 424 1662 periti,
438 1614 490 1646 nee
502 1597 671 1646 recentiores
684 1611 740 1644 ms·

195 1667 251 1715 dici
268 1667 323 1729 ita,
345 1671 376 1715 ut
387 1681 438 1729 par
452 1669 506 1721 est,
529 1680 586 1713 rem
603 1667 739 1712 tractasse

194 1734 333 1791 videntur,
360 1736 531 1797 quamtum,
555 1731 596 1780 uti
613 1730 738 1791 diximus,

195 1801 386 1866 copiosissime
403 1799 536 1849 tractavit
548 1798 674 1848 Starkius
687 1796 705 1846 l.
719 1797 737 1847 l.

195 1869 233 1917 Et
249 1884 310 1917 enm
328 1873 438 1918 veteres
453 1866 613 1932 plerumque
628 1867 737 1914 univer-

195 1935 281 1985 salem
299 1935 420 1984 dentium
442 1934 647 1984 concretionem
666 1949 738 1982 com-

196 2008 360 2062 memorent,
385 2002 555 2050 recentiores
573 2005 678 2049 tnntum
695 2005 737 2048 ta-

197 2070 263 2125 lem,
282 2084 352 2133 quae
370 2084 549 2130 nonomnes,
566 2068 616 2116 sed
634 2067 739 2130 aliquot

197 2142 272 2185 certe
290 2137 389 2185 dentes
406 2135 631 2200 comprehendat,
651 2135 739 2198 suspi-

196 2204 269 2253 ceris
282 2204 374 2267 ntique
387 2207 505 2264 veteres,
520 2203 566 2266 qni
578 2202 648 2251 talia
661 2216 739 2250 enar-

197 2278 271 2330 rant,
290 2271 422 2335 deceptos
441 2286 501 2320 esse
520 2275 626 2319 tartaro
643 2268 740 2319 dentes

194 2336 355 2388 involvente
369 2343 465 2387 ettam
478 2337 567 2387 solida
584 2337 675 2386 massa
692 2337 739 2386 ob·

196 2413 321 2471 tegente,
340 2411 371 2453 ut
388 2404 550 2462 intervalia,
570 2405 667 2469 quibus
684 2405 740 2453 ain·

197 2473 256 2588 guli
276 2473 500 2522 discriminantur
521 2473 631 2533 dentes,
657 2471 739 2536 plane

217 2540 343 2589 elenntur
361 2546 389 2588 et
404 2555 470 2589 vere
493 2539 572 2588 unius
589 2540 658 2588 ossis
675 2539 740 2588 den·

199 2609 267 2656 tium
285 2607 373 2657 loorun
391 2608 553 2670 occupantis
566 2606 675 2670 species
693 2621 739 2655 aa·

198 2675 290 2723 sistat.
325 2675 379 2722 Sed
396 2674 442 2721 vix
460 2672 623 2722 crediderim
642 2680 671 2720 et
687 2674 740 2721 He·

199 2741 322 2791 nodotum
344 2745 373 2789 et
393 2739 462 2788 alios
483 2754 571 2789 terrun
592 2740 741 2803 scriptores

199 2808 424 2859 accuratissimos
442 2806 548 2870 fideque
566 2806 741 2871 dignissimos

200 2877 239 2924 ita
258 2875 343 2924 luisse
360 2873 504 2937 deceptos:
529 2874 593 2937 quin
610 2887 742 2921 summam

198 2942 279 2991 fidem
296 2941 396 2990 mereri
413 2941 441 2988 in
459 2939 509 2989 tali
526 2955 556 2988 re
574 2940 643 2988 mira
661 2955 742 2988 enar-

199 3008 300 3069 randa,
326 3008 384 3057 iure
404 3022 508 3071 quoqne
529 3007 653 3071 posuisse
675 3007 742 3056 mihi

199 3076 307 3126 videtur
318 3074 410 3125 Stark.
424 3077 447 3134 §-
463 3073 502 3127 10.
520 3073 556 3122 ll.
570 3090 634 3139 pag.
644 3073 742 3125 13—15

197 3159 272 3207 seqq.
303 3142 357 3204 Qui
368 3142 440 3191 idem
452 3142 497 3191 vel
510 3142 538 3191 in
551 3157 651 3191 causas
664 3143 742 3192 huius

199 3211 266 3261 mali
290 3210 431 3274 inquirens
453 3212 477 3270 ξ.
498 3209 529 3257 1¹2
553 3210 686 3275 originem
708 3226 741 3260 ex

199 3278 316 3345 quadam
334 3278 456 3327 dentium
480 3275 669 3337 efformatione
687 3294 742 3328 non

198 3346 281 3413 plane
292 3346 418 3412 perfecta
430 3360 481 3395 nee
492 3359 601 3410 prorsus
615 3345 742 3395 absoluta

199 3416 314 3479 repetit,
341 3429 356 3463 e
368 3413 525 3478 primordiis
543 3413 617 3472 soil,
644 3413 743 3477 quibus

200 3482 297 3531 dentes
314 3481 477 3530 inchoantur
490 3479 606 3545 indeque
620 3480 741 3529 dentium

199 3549 401 3598 concretionem
412 3548 493 3598 docet
506 3563 566 3597 cum
580 3548 744 3613 imperfecta

200 3617 284 3666 totius
309 3617 432 3680 corporis
456 3615 620 3665 formatione
645 3616 744 3665 intima

201 3699 261 3733 esse
272 3683 446 3733 coniunctam
458 3683 671 3733 necessitudine.
685 3684 743 3733 Nec

200 3750 391 3815 improbabilis
420 3752 470 3801 viri
494 3751 653 3816 peritissimi
679 3766 742 3801 con·

201 3820 321 3877 iectura,
339 3817 411 3866 hano
428 3818 521 3867 rudem
539 3825 568 3867 et
583 3819 743 3868 inchoatam

200 3886 321 3934 dentium
335 3885 448 3934 sormam
467 3886 501 3935 ad
515 3901 563 3935 eas
580 3892 678 3951 gentes
696 3903 742 3936 ea·

201 3967 252 4018 que
269 3959 393 4018 tempora
410 3954 563 4017 pertinere,
581 3955 680 4018 quihus
694 3954 743 4004 hu-

200 4036 309 4070 manum
328 4036 414 4087 genus
432 4037 486 4070 non
504 4021 538 4070 ad
557 4037 617 4071 eam
634 4022 743 4072 absolu·

200 4089 315 4149 tionem,
336 4104 390 4153 qua
406 4104 478 4139 nune
495 4089 634 4155 pervenit,
659 4091 744 4139 luerit

200 4157 368 4222 productum.
395 4158 429 4206 Et
445 4156 513 4207 illud
525 4158 623 4207 merito
636 4159 744 4208 attendi

200 4226 260 4276 vult
283 4225 355 4274 idem
378 4224 485 4285 Stark.,
520 4225 568 4274 hos
593 4225 689 4275 dentes
714 4228 743 4276 in

201 4309 282 4344 unum
300 4308 330 4343 os
343 4293 517 4344 continuatos
534 4299 597 4358 post
608 4293 742 4359 proelium

786 919 953 970 Plataeense
978 933 1039 968 esse
1062 922 1201 982 repertos,
1226 917 1255 965 in
1279 931 1328 982 qno

787 989 929 1037 nationum
952 1002 967 1036 e
985 986 1175 1036 remotissimis
1196 990 1328 1034 terramm

786 1055 946 1119 regionibus
973 1053 1125 1103 accitarum
1149 1057 1178 1102 et
1200 1068 1234 1101 ex
1259 1052 1329 1102 omni

788 1128 866 1188 parte
879 1122 983 1171 rudium
997 1137 1031 1171 ac
1040 1121 1160 1171 ferarum
1171 1120 1258 1169 inerit
1269 1135 1330 1169 con·

965 1186 1018 1254 a).
1031 1215 1065 1226 —
1077 1188 1117 1237 Ad
1130 1187 1216 1237 verba
1228 1201 1330 1236 πειτα·

789 1250 895 1322 πήχεος
907 1247 945 1306 a'a
966 1248 1014 1320 οός
1032 1255 1063 1320 (ἰ.
1078 1271 1101 1305 e.
1114 1254 1181 1312 viri,
1202 1257 1250 1319 qui
1263 1255 1288 1316 7,
1300 1253 1329 1304 31

788 1324 981 1391 pedd.Rhenn.
992 1323 1064 1372 altus
1074 1320 1130 1383 est)
1143 1314 1228 1372 dorla
1238 1313 1331 1386 ἐφάνη

789 1392 893 1443 consul.
907 1391 998 1441 Starlr.
1012 1390 1029 1438 l.
1043 1390 1061 1439 l.
1074 1392 1097 1451 §-
1110 1390 1151 1439 22
1165 1404 1231 1455 pag.
1243 1389 1270 1450 6,
1288 1389 1330 1453 qni

789 1460 870 1509 affert
887 1459 1014 1524 exempla
1032 1473 1066 1509 ex
1083 1458 1204 1522 antiquis
1218 1457 1331 1523 scripto-

789 1528 865 1577 ribus
890 1532 917 1576 et
940 1525 1141 1576 recentioribus
1164 1530 1221 1574 tem
1261 1524 1331 1574 ribus

790 1595 917 1660 repetita,
931 1593 1030 1658 qnibns
1042 1608 1109 1642 sans
1122 1591 1190 1641 illud
1202 1608 1218 1642 e
1235 1592 1331 1651 licitur,

790 1663 878 1712 virum
891 1662 1009 1726 quinque
1026 1661 1181 1711 cubitorum
1199 1661 1332 1710 exsistere

790 1730 912 1795 potuisse
937 1744 987 1778 nee
1010 1727 1064 1777 lide
1090 1742 1185 1777 carere
1209 1727 1332 1778 Herodo-

789 1803 863 1847 team
880 1797 1076 1846 narrationem.
1100 1795 1143 1844 Tu
1155 1795 1231 1845 conf.
1252 1795 1332 1846 etiam

789 1870 858 1915 nott.
873 1865 907 1916 ad
919 1865 942 1927 Ι,
954 1861 996 1914 68.

789 1205 883 1241 curans
895 1189 964 1306 (pag

941 2031 1008 2081 Car.
1027 2030 1178 2083 LXXXIV.

801 2123 885 2184 'Exti'
891 2147 920 2183 τε
928 2126 971 2197 dl]
978 2134 1025 2183 Sic
1033 2131 1158 2198 plerique
1168 2131 1236 2181 libri
1241 2130 1333 2196 scripti

790 2201 921 2261 offerunt3
957 2200 1123 2250 Schaeierua
1146 2215 1194 2264 pro
1219 2189 1288 2250 ἐκεί
1307 2212 1334 2248 τε

790 2270 911 2319 correxit
923 2262 1042 2325 ἔπειτεν,
1056 2267 1127 2331 quod
1138 2266 1209 2317 lieet
1220 2266 1298 2317 nullo
1309 2267 1334 2315 in

790 2336 861 2386 libro
878 2335 1002 2399 legatur,
1019 2340 1184 2400 receperunt
1197 2333 1334 2397 Schweig-

790 2404 941 2454 haeuserus
954 2409 982 2453 st
994 2401 1148 2461 Gaislord.;
1161 2403 1334 2452 contrallst

791 2472 868 2521 thiae
886 2471 1028 2537 vulgatam
1051 2461 1161 2520 ἐπείτε
1178 2461 1211 2518 dl
1236 2475 1334 2528 tuetur,

792 2552 852 2589 eum
870 2538 1000 2603 epodosis
1018 2538 1052 2587 ab
1072 2537 1118 2597 iis,
1142 2551 1213 2601 qnae
1231 2536 1269 2586 de
1286 2536 1335 2585 hae

790 2622 819 2656 re
843 2606 967 2671 disputat
984 2605 1153 2667 Herodotus,
1183 2604 1271 2653 luerit
1291 2603 1335 2653 ab-

790 2679 898 2738 sorpta3
918 2667 1029 2724 ἔπειτεν
1047 2687 1114 2722 unns
1131 2676 1223 2721 tuetur
1241 2671 1335 2721 Aelius

790 2742 941 2804 Dionysius
970 2740 1043 2805 apud
1072 2738 1198 2789 Eustath.
1230 2739 1268 2788 ad
1295 2738 1334 2787 lli.

791 2825 818 2873 p.
834 2807 906 2863 1158,
917 2806 951 2859 38
962 2823 984 2858 a.
998 2806 1077 2865 lats,
1090 2805 1132 2856 aa.
1156 2806 1335 2856 Recentiorss

792 2875 913 2925 editores
925 2875 988 2924 inde
999 2890 1016 2924 a
1026 2874 1154 2924 Bekkero
1165 2873 1337 2923 retinuerunt

793 2933 858 2992 luel
868 2957 911 2999 rs,
930 2942 1003 3006 quod
1020 2942 1144 3007 equidem
1158 2947 1186 2990 et
1198 2941 1262 3006 ipse
1274 2941 1335 2991 reti·

792 3009 910 3060 nendum
932 3009 1009 3071 duxi,
1031 3009 1099 3059 lieet
1120 3008 1208 3059 oratio
1225 3012 1337 3074 propter
1411 3016 1412 3063 i

793 3077 879 3126 multa
901 3077 988 3126 verba
1010 3077 1158 3126 interiecta
1180 3076 1336 3140 impeditior
1411 3082 1412 3115 ἑ

792 3146 830 3194 sit
847 3150 930 3223 atque
948 3143 1076 3208 apodesis
1089 3143 1196 3192 demum
1214 3158 1232 3191 a
1245 3142 1335 3194 verbis

794 3206 851 3276 ἔχει
865 3209 898 3261 de
910 3226 976 3260 rave
989 3201 1079 3274 φάτιν
1090 3227 1116 3260 ιι.
1129 3225 1154 3261 τ.
1167 3209 1191 3260 2.
1205 3209 1336 3261 constitui

794 3279 895 3344 possit:
915 3278 1016 3342 quade
1034 3293 1063 3328 re
1075 3277 1191 3327 Bredov.
1209 3293 1276 3342 pag.
1292 3274 1336 3326 1OE

793 3346 927 3397 Herodoti
950 3346 1037 3395 verbs
1059 3344 1203 3410 proferens
1227 3351 1258 3395 et
1281 3344 1335 3395 vul·

792 3421 877 3480 gatae
906 3414 1085 3479 patrocinans
1112 3412 1185 3461 haee
1211 3412 1335 3478 scripsit:

794 3482 906 3543 „Quam
925 3481 997 3530 inter
1013 3480 1139 3545 protasin
1157 3484 1186 3528 et
1204 3480 1337 3545 apoduein

793 3550 924 3605 inseruit.
943 3564 997 3598 non
1016 3554 1092 3598 certo
1109 3562 1138 3597 se
1151 3547 1237 3605 seire,
1256 3563 1275 3597 a
1286 3561 1336 3613 qno

793 3616 931 3666 Mardonii
953 3616 1075 3666 cadaver
1097 3620 1172 3666 esset
1190 3615 1335 3681 sepultum.

794 3700 854 3734 eum
871 3684 964 3750 plures
976 3684 1004 3733 id
1022 3684 1056 3733 de
1069 3698 1098 3733 se
1111 3682 1335 3748 praedicassent:
1410 3716 1411 3731 r

792 3742 846 3802 ὑπ’
866 3767 931 3803 orso
952 3744 1007 3816 pla
1028 3740 1194 3814 dedendam
1217 3766 1244 3801 ιι.
1263 3767 1286 3801 τ.
1303 3753 1335 3803 t„

794 3819 891 3884 quibus
917 3820 1082 3884 respondent
1102 3809 1225 3876 πολλοὺς
1246 3813 1279 3869 δέ
1299 3834 1334 3867 τι·

794 3903 846 3945 rac
862 3914 895 3923 -
911 3880 1022 3952 ἤκουσα
1042 3902 1068 3936 κ.
1086 3901 1110 3935 τ.
1128 3886 1153 3937 λ.
1189 3887 1335 3952 Postquam

793 3969 859 4004 vero
884 3955 1005 4005 cadaver
1024 3953 1162 4004 Mardonii
1185 3954 1273 4005 altero
1292 3953 1334 4003 die

794 4022 956 4072 subductum
969 4022 1036 4081 fuit,
1055 4020 1143 4072 hahet
1154 4021 1277 4072 nonnihil
1294 4021 1334 4070 la-

794 4104 855 4140 mae
877 4088 1109 4154 Dionysophanes
1135 4090 1179 4140 vir
1200 4089 1335 4156 Ephesius

794 4156 939 4223 sepeliisse
962 4157 1148 4219 Mardonium,
1175 4171 1335 4223 quanquam

795 4226 877 4275 etiam
891 4225 941 4274 alii
953 4225 1046 4291 plures
1062 4225 1090 4275 id
1102 4226 1137 4276 de
1149 4241 1179 4275 sa
1212 4225 1334 4275 raedica·

793 4299 906 4357 verunt,
924 4292 996 4344 unde
1009 4299 1115 4344 eertum
1126 4309 1180 4344 non
1192 4242 1282 4344 labeo
1294 4291 1334 4341 di·
