2866 5134
215 330 273 388 DE
293 327 399 389 VITA
417 328 475 387 ET
498 326 690 388 SORIPTIS
713 323 949 386 HERODOTI.
1088 327 1152 391 439

39 499 111 557 δοκέει
124 497 204 557 εἶναι·
217 497 247 554 οἱ
258 495 310 570 γὰρ
320 494 457 570 Ἑλλήνων
471 493 549 568 λόγοι
564 502 662 553 πολλοί
676 518 705 552 τε
721 496 769 550 nal
785 501 896 568 γελοῖοι,
912 492 949 559 ὡς
962 492 1021 568 ἐμοὶ
1038 499 1153 567 φαίνον-

39 584 162 657 οοι,ε1ολο.
193 586 272 650 Quae
287 604 355 639 sane
369 584 493 637 indicant
513 584 657 654 scriptoris
677 583 797 636 animum
811 600 827 635 a
842 583 960 653 receptis
976 584 1152 653 superstitio-

40 672 104 724 nibus
116 672 224 725 liberum
241 678 269 723 et
283 670 342 723 veri
363 670 523 723 inveniendi
545 669 713 734 studiosum,
732 668 873 736 ingenium
887 686 950 721 acre
967 675 994 722 ct
1009 668 1108 720 sollers
1123 669 1151 720 in

41 756 166 810 tabularum
185 756 346 809 traditarum
370 756 533 822 farraginem
554 754 699 824 inquirens
714 770 827 823 eamque
841 753 1010 807 diiudicansr
1033 753 1101 805 adeo
1122 760 1153 805 ut

22 868 24 917 p
41 850 128 894 ardore
141 842 280 895 Creuzero
292 839 321 907 *)
335 840 499 893 Hecataeum
517 856 606 893 rerum
630 839 790 908 scriptorem
805 840 921 892 criticum
939 838 1035 908 utique
1052 855 1152 891 vocare

22 922 24 925 ’
42 926 164 995 possimus,
190 925 353 996 praesertim
369 942 428 978 cum
449 924 502 977 alia
517 942 643 993 qnoque,
665 923 758 977 eodem
773 923 888 976 docente
903 922 1059 989 Creuzero,
1075 939 1151 975 acce-

40 1012 95 1078 dant,
109 1031 122 1064 e
135 1012 235 1080 quihus
252 1010 336 1063 crisin
353 1011 488 1079 quandam
511 1008 584 1061 illum
601 1010 732 1061 historiae
749 1008 908 1060 adhibuisse
933 1007 1087 1059 luculenter
1103 1026 1150 1077 pa-

40 1103 89 1149 teat
114 1097 281 1149 Herodotum
301 1095 393 1147 eodem
414 1094 494 1147 titulo
510 1094 575 1165 qnin
596 1110 733 1161 ornemus,
747 1093 784 1144 nil
800 1093 889 1159 video,
908 1093 980 1164 quod
998 1092 1104 1157 obstet;
1121 1098 1152 1145 nt

38 1180 259 1250 inquoscript-ore
276 1180 362 1233 omnia
383 1185 560 1245 concurrunt,
587 1196 656 1249 qnae
683 1177 1023 1248 potrcmlrietorine'illum
1048 1194 1150 1229 summo

39 1264 83 1316 inre
104 1265 186 1319 vocari
210 1266 354 1318 evincunt.
389 1265 457 1318 Cum
484 1265 552 1317 enim
572 1263 673 1333 prioris
695 1263 792 1316 aetatis
808 1262 949 1314 historiam
964 1262 1149 1332 perscribenti

38 1349 61 1399 sd
70 1352 241 1420 antiquitatem
255 1358 332 1403 esset
345 1349 565 1418 regredinndum,
582 1366 651 1418 qnae
665 1347 785 1400 nonnisi
801 1347 1019 1413 emonumentis,
1032 1346 1149 1416 templis,

36 1435 186 1502 carminibus,
212 1435 317 1488 fabulis
337 1434 466 1503 cognosci
487 1427 664 1503 pote1·at**),
693 1433 852 1485 Herodotus
873 1436 1011 1502 quatenus
1028 1449 1099 1502 qnae
1115 1433 1149 1485 de

36 1516 161 1572 histradita
172 1520 281 1573 invenit
294 1520 464 1590 accepitque,
481 1519 568 1571 literis
584 1517 758 1586 consignavit
780 1524 807 1569 et
824 1518 872 1587 qni
887 1518 1049 1570 serebantur
1062 1511 1149 1585 λόγοι,

35 1618 71 1651 ens
83 1603 104 1655 in
119 1621 193 1657 sunm
207 1604 306 1658 retulit
323 1622 402 1674 opns,
421 1605 481 1674 ipse
503 1603 697 1673 quodammodo
713 1597 898 1671 λογογράφων
915 1601 942 1652 in
959 1619 1071 1653 numero
1088 1603 1150 1654 iure

36 1685 133 1744 hahetur.
161 1690 262 1759 Neque
279 1690 387 1741 veroin
406 1707 438 1741 eo
456 1689 604 1758 acquievit,
622 1687 650 1739 in
672 1704 727 1757 quo
749 1687 856 1757 priores
873 1681 1065 1756 λογογράφους
1086 1692 1149 1739 ante

38 1768 101 1838 ipsun
115 1775 271 1827 substitisse
286 1774 364 1826 modo
380 1773 512 1840 diximus,
529 1773 579 1825 sed
592 1771 708 1841 amplius
723 1772 750 1823 in
763 1790 854 1824 rerum
869 1772 1030 1824 traditarum
1046 1789 1144 1824 nexum

43 1872 159 1927 ususque
173 1869 200 1911 et
215 1860 243 1911 in
261 1876 330 1926 eam,
345 1876 415 1929 quae
428 1859 493 1911 inde
509 1857 664 1923 enascitur,
679 1874 769 1910 rerum
784 1865 924 1924 gestarum
940 1856 1082 1909 veritatem
1104 1875 1148 1909 or-

44 1938 149 2011 llscnqne
164 1944 359 2014 inquirendum
378 1949 456 1995 ratus
477 1943 628 2012 apriorum
640 1943 805 2011 scriptorum
822 1942 865 1994 via
882 1940 992 1994 multum
1008 1942 1147 2009 discessit,

44 2041 102 2093 cuque
122 2027 176 2097 ipso
194 2028 320 2082 ostendit
340 2046 429 2081 veram
449 2028 580 2080 historiae
606 2027 744 2079 notionem
765 2046 795 2079 se
816 2028 904 2080 animo
919 2027 1079 2095 impressam
1102 2028 1147 2079 hn-

43 2106 115 2164 lalsse.
143 2114 218 2167 Unde
234 2132 306 2166 sane
330 2131 407 2166 nemo
427 2113 572 2165 mirabitur
593 2112 619 2163 in
643 2111 690 2163 tali
712 2113 847 2181 scriptore
867 2115 930 2165 ortis
949 2113 1055 2166 criticae
1069 2113 1148 2165 initia

42 2192 90 2245 hene
100 2199 215 2265 cognosci
236 2216 332 2268 posse.
367 2198 429 2250 Vid.
452 2198 530 2251 modo
548 2203 616 2249 nott.
640 2196 674 2248 ad
689 2196 741 2263 ΙΙΙ,
759 2199 807 2249 122
823 2196 898 2267 (Vol.
914 2197 951 2252 ll.
967 2214 993 2265 p.
1007 2197 1081 2262 237).
1098 2197 1146 2265 lv,

43 2279 84 2329 ua
104 2298 125 2348 p.
147 2284 205 2349 610,
237 2283 287 2347 lV,
316 2286 375 2337 179.
403 2300 430 2352 p.
459 2280 599 2336 6181101.
625 2281 662 2347 ΙΙ,
689 2288 717 2333 et
731 2281 794 2349 Vll,
819 2284 853 2335 30
878 2301 903 2351 p.
924 2285 985 2335 479.
1009 2281 1067 2336 Vol.
1094 2282 1146 2334 ΙΙΙ.

42 2358 92 2413 Clu
108 2364 181 2433 igitur
201 2368 260 2420 veri
290 2368 413 2420 historici
427 2374 537 2437 partes,
559 2366 609 2417 hoc
624 2366 702 2417 modo
718 2383 782 2418 vern
798 2384 813 2418 a
832 2366 908 2419 lalsis
921 2366 1082 2433 seiungens,
1100 2384 1142 2419 ex·

46 2442 99 2508 Pleu
116 2453 242 2505 studuerit
258 2453 374 2518 Noster,
401 2452 553 2524 quaeritur,
578 2468 641 2503 num
663 2451 711 2520 qui
727 2467 822 2503 verum
847 2452 1103 2518 scribereooluerit,
1119 2451 1146 2503 id

48 2527 106 2581 etin·
112 2545 232 2599 praestare
244 2538 363 2608 potuerit
372 2532 444 2603 ***).
474 2537 542 2589 Nam
554 2538 665 2590 οολοίοοο
675 2553 768 2588 verum
780 2536 888 2588 tradere
901 2535 1081 2604 Herodotum,
1098 2554 1144 2588 ne-

52 2610 127 2681 minen,
140 2622 179 2690 qni
194 2621 372 2676 Herodoteas
394 2622 491 2674 Musas
511 2621 667 2674 accuratius
688 2619 852 2689 perlegerit,
874 2621 1060 2673 dubitaturum
1081 2639 1145 2672 con-

53 2694 95 2763 111,
111 2719 147 2755 rec
169 2724 237 2777 opus
266 2706 392 2777 pluribus
420 2715 645 2772 commonstrare,
674 2704 748 2757 nullo
775 2706 870 2758 timore
887 2706 1038 2776 partiumve
1054 2706 1145 2758 studio

52 2790 122 2848 uptun
139 2791 221 2845 luisse
237 2792 421 2858 Herodotum,
447 2809 501 2861 quo
525 2791 614 2843 minus
635 2790 708 2861 qnod
729 2807 823 2843 verum
850 2791 905 2860 ipsi
929 2791 1031 2843 fuisset
1047 2791 1144 2858 visum,

50 2862 105 2921 libne
124 2881 146 2925 et
167 2875 290 2944 ingenue
319 2877 485 2929 enuntiaret.
520 2875 684 2941 Vidmodo,
711 2893 746 2927 ne
761 2874 850 2944 plura,
868 2883 937 2930 nott.
953 2876 986 2927 ad
1003 2875 1066 2941 Vll,
1084 2878 1144 2930 132.

49 2945 87 3003 lul.
103 2955 135 3008 lll
154 2977 176 3027 p.
197 2964 259 3017 634.
283 2969 311 3014 et
331 2961 365 3014 ad
388 2960 465 3028 Vlll,
490 2963 548 3016 123.
567 2967 595 3013 et
609 2962 682 3013 conf.
706 2960 870 3013 Meierotto:
888 2960 943 3012 Sur
960 2960 1100 3013 Herodnte
1115 2968 1143 3013 et

45 3032 62 3082 lt
72 3036 107 3090 but
117 3042 145 3094 de
159 3062 205 3097 son
229 3046 346 3099 histoire
366 3045 504 3116 (Memoir.
526 3047 560 3099 de
577 3044 738 3098 l‘Academie
753 3045 848 3112 royele
869 3045 902 3098 de
918 3044 1013 3098 Berlin
1034 3049 1101 3100 1762
1117 3052 1145 3098 et

46 3118 131 3210 llll-p.
148 3131 204 3182 615.
219 3134 283 3184 618.
297 3134 349 3185 620
369 3131 452 3201 seq).
481 3130 626 3183 Pertinent
646 3131 698 3182 huc
720 3131 815 3196 etiam,
837 3146 907 3199 qnae
928 3130 1056 3199 pluribus
1076 3131 1144 3182 loeis

46 3214 227 3268 ¹lsnnotntione
249 3215 368 3268 diximus
391 3217 425 3269 de
444 3216 542 3282 nimio,
565 3215 638 3285 quod
658 3215 786 3284 scriptori
810 3215 957 3283 imputant,
980 3233 1046 3283 erga
1061 3214 1143 3267 Athe-

48 3350 200 3371 κ-.

88 3436 107 3501 ⁸)
121 3442 168 3494 Die
183 3446 277 3497 histor.
291 3448 380 3497 Knnst
392 3447 440 3497 der
453 3447 563 3497 Griech.
578 3462 641 3512 pag.
655 3445 688 3496 86
706 3446 768 3496 οοΙΙ.
782 3446 815 3495 78
834 3446 869 3512 (p.
885 3446 926 3495 68.
940 3445 992 3496 286
1010 3445 1051 3498 ed.
1065 3446 1141 3509 sec).

45 3498 145 3621 lftpum.
155 3512 294 3565 historice.
307 3531 370 3581 pag.
384 3515 422 3565 15.
443 3515 531 3565 Aliter
544 3514 577 3564 de
589 3514 632 3564 his
645 3516 744 3564 statuit
755 3515 845 3564 Mure:
865 3514 981 3564 Critical
993 3514 1101 3579 history
1114 3516 1144 3565 of

44 3566 77 3618 ¹¹¹0
92 3590 202 3646 ⁸¹¹guaga
215 3588 268 3633 etc.
282 3584 327 3633 IV.
341 3599 367 3648 p.
383 3582 439 3633 159.

88 3653 193 3719 “lilim
202 3671 258 3716 tam
270 3667 363 3718 sedulo
372 3668 496 3728 donaria,
510 3671 647 3732 portenta,
661 3666 774 3717 oracula
784 3666 875 3716 ubivis
885 3669 1025 3716 recenset:
1039 3668 1141 3785 quippe

44 3720 94 3772 ande
103 3734 240 3784 narrationi
254 3751 287 3784 ex
299 3740 378 3800 parte
391 3735 458 3785 fides
472 3739 532 3785 erat
544 3735 723 3795 adstruenda,
738 3734 899 3799 praesertim
914 3735 943 3783 in
956 3734 1037 3784 rebus
1050 3736 1086 3784 du
1107 3738 1141 3786 iis

45 3794 146 3868 &plaerio
156 3802 230 3852 ruodo
241 3803 362 3853 traditis.
393 3802 472 3853 Cous.
486 3802 564 3852 modo
577 3803 601 3865 I,
616 3800 656 3852 50.
670 3802 713 3851 52.
725 3801 767 3851 82.
780 3801 822 3860 Il,
835 3802 884 3864 41,
898 3818 932 3851 ne
945 3801 1033 3866 plura.
1064 3804 1140 3854 Bene

45 3851 229 3940 drntllieierotto
241 3873 270 3920 in
282 3872 431 3936 scriptione
444 3887 505 3921 mox
521 3869 661 3919 laudanda
673 3887 699 3936 p.
711 3867 769 3922 602.
782 3867 845 3920 6118τ
866 3871 941 3932 „Les
953 3869 1074 3931 oracles,
1094 3887 1140 3921 ac·

45 3926 128 3997 ⁰⁰,ffllilu
139 3947 169 3982 ou
180 3951 243 3993 nou.
262 3943 324 3988 u'en
342 3937 447 3990 dtoicnt
464 3954 514 4004 pas
530 3938 619 3988 moins
635 3938 669 3988 de.
687 3937 829 3988 nouvelles
846 3952 957 3988 sources
974 3938 1141 4003 historiques

45 3990 122 4074 ouul'otu
135 4003 229 4064 puisnit
245 4022 276 4055 ee
294 4007 339 4071 qui
358 4008 434 4057 auoit
451 4007 487 4055 dii
504 4006 563 4056 etro
581 4021 617 4054 un
635 4005 711 4069 objet
729 4006 763 4056 de
775 4005 924 4056 recherche
937 4010 966 4056 et
977 4005 1092 4055 devenir
1103 4023 1140 4056 un

44 4068 138 4140 ll¹l¹⁰¹l³⁰
148 4068 260 4123 d'action
273 4090 341 4139 pour
352 4075 401 4125 des
414 4073 485 4125 diets
498 4074 601 4124 entiera
614 4089 647 4123 ou
679 4089 729 4125 our
740 4072 788 4123 des
800 4090 988 4139 personnsges
1000 4071 1139 4136 celebrem

45 4135 56 4167 0
69 4134 151 4183 etaient
161 4135 205 4189 des
215 4146 304 4192 testes
316 4140 508 4194 d'dvdnemens
519 4141 641 4205 toujours
654 4139 774 4192 enoneds
787 4142 855 4191 dans
864 4143 890 4192 le
901 4141 973 4206 style
987 4141 1076 4192 favori
1089 4142 1138 4193 des

47 4186 118 4246 drea:
134 4201 262 4259 Herodoto
274 4225 309 4259 ue
322 4211 433 4275 pouvoit
444 4210 515 4261 dono
527 4210 569 4259 les
581 4225 677 4275 passer
689 4225 752 4261 sous
765 4210 901 4260 aileuce.¹‘

47 4321 76 4373 θ,
86 4258 206 4397 stillim
218 4275 347 4328 Oreuzer:
371 4279 476 4329 Hister.
494 4279 585 4328 Kunst
597 4277 621 4329 d.
636 4278 745 4329 Griech.
758 4293 785 4343 p.
800 4276 940 4327 loo-112
958 4276 995 4342 (p.
1013 4276 1046 4328 79
1063 4293 1139 4343 seqq.
