2826 5132
195 397 256 457 344
532 446 539 457 ,
632 385 896 448 HERODOTI

195 558 307 642 ἁλέας·
332 563 387 631 καὶ
403 557 575 647 Ἀθηναῖοι
593 555 671 639 τούς
691 560 826 627 ἑωυτῶν
843 552 943 647 ὁμοῦ,
962 559 1018 627 καὶ
1035 559 1209 646 Μεγαρέες
1225 584 1262 627 τε
1278 558 1330 627 καὶ

197 662 349 733 Φλιάσιοι
366 660 444 743 τούς
460 657 526 731 ὑπὸ
549 663 607 748 τῆς
629 665 735 729 ἵππου
760 662 1022 748 διαφθαρέντας·
1058 655 1186 729 τούτοιν
1206 659 1269 747 μὶν
1292 656 1332 746 δὴ

196 763 332 835 πάντων
351 761 490 852 πλήρεες
511 764 662 850 ἐγένοντο
684 764 719 831 οἱ
739 758 846 849 τάφοι.
889 764 963 831 Τοίν
988 761 1026 830 di
1049 756 1161 829 ἄλλων
1182 756 1256 830 ὅσοι
1279 761 1332 829 sal

196 874 373 956 φαίνονται
398 867 435 934 ἐν
458 867 645 953 Πλαταιῇσι
675 860 784 942 ἐόντες
809 860 925 951 τάφοι,
954 859 1093 942 τούτους
1117 861 1169 949 di,
1198 856 1242 942 οἱς
1271 858 1333 950 ἐγῶ

197 966 422 1055 πυνθάνομαι,
442 965 743 1053 ἐπαισχυνομένους
760 969 800 1054 τῇ
812 959 950 1033 ἀπεστοῖ
965 967 1022 1051 τῆς
1036 960 1152 1052 μάχης,
1172 961 1328 1043 ἑκάστους
1334 981 1375 1033 ttl

196 1068 329 1158 χώματα
354 1070 457 1156 χῶσαι
485 1063 595 1153 κεινὰ,
623 1068 691 1135 ταῖν
715 1062 955 1154 ἐπιγινομένων
984 1070 1112 1134 εἵνεκεν
1133 1061 1333 1154 ἀνθρώπων.

198 1238 241 1282 est
262 1232 352 1293 factem
376 1231 409 1280 de
430 1231 564 1281 Callicrate
584 1230 639 1282 vid.
656 1244 741 1295 supra
792 1234 838 1279 cet
847 1229 939 1295 parati
950 1229 979 1279 in
992 1230 1054 1280 aeie
1064 1229 1246 1287 constiterint,
1260 1235 1336 1278 certe

196 1299 351 1360 1x‚r‘r.-
372 1299 404 1348 In
422 1314 497 1363 seqq.
517 1297 551 1349 de
569 1313 636 1348 voce
654 1290 741 1356 ἁλέας
792 1304 898 1362 partem
916 1297 1054 1361 quandam
1076 1297 1182 1363 gloriae
1200 1296 1255 1346 sibi
1275 1312 1336 1360 quo-

198 1368 235 1417 cf.
248 1372 318 1417 nott.
332 1367 367 1415 ad
381 1368 401 1427 1,
419 1365 475 1415 133.
793 1381 845 1430 qne
858 1365 1001 1417 vindicare
1013 1364 1142 1425 voluisse,
1160 1364 1278 1429 indeque
1292 1378 1336 1414 eo

231 1430 280 1484 sai
290 1423 436 1497 Ἀθηναῖοι
450 1427 516 1491 τούς
529 1423 641 1484 invenie
654 1423 739 1499 ὁμου]
792 1449 863 1494 rum,
883 1433 969 1497 quiin
987 1433 1048 1497 ipsa
1065 1448 1158 1496 pugne
1175 1431 1337 1483 ceciderint.

197 1502 258 1551 Hoc
282 1502 367 1565 igitur
390 1502 464 1563 ioco,
488 1506 519 1550 nt
542 1501 625 1567 paulo
649 1508 740 1559 antea,
793 1500 1061 1550 monumentnesnis'
1070 1500 1234 1549 civitatibus
1244 1504 1337 1549 erecta

197 1569 379 1618 Athenienses
400 1571 543 1634 inpugna
564 1584 661 1619 caesos
679 1584 742 1618 suos
794 1584 854 1618 cum
877 1566 1015 1630 viderent,
1041 1566 1145 1617 similia
1161 1573 1338 1618 monumnenta

197 1651 282 1702 prope
300 1635 431 1685 Plataeas
455 1651 561 1701 quoque
579 1634 742 1699 sepelivisse
794 1651 816 1684 s.
835 1634 1001 1700 cenotaphia
1023 1636 1160 1693 erexisse,
1186 1650 1221 1684 ne
1239 1634 1337 1700 partis,

198 1704 300 1753 diserte
311 1703 446 1764 dicuntur,
458 1703 584 1768 idemque
595 1704 679 1752 etiam
688 1708 743 1751 trs·
794 1718 875 1768 quam
893 1704 922 1751 in
937 1702 1058 1753 Graecia
1069 1701 1215 1752 liberanda
1226 1701 1337 1751 habuis·

198 1771 239 1820 dit
255 1772 410 1820 Pausanias
429 1771 479 1820 1.1.
510 1771 696 1833 Thucydidem
717 1771 742 1818 si
793 1776 863 1830 sent,
877 1768 1016 1835 etgloriae
1029 1770 1092 1820 inde
1107 1770 1142 1819 ab
1152 1771 1228 1834 ipsos
1240 1769 1338 1819 redun-

199 1838 341 1888 audiamus
355 1839 389 1899 ΙΙ,
397 1837 440 1901 34,
453 1838 636 1888 Athenienses
648 1838 677 1886 in
691 1837 740 1886 Oe·
793 1837 884 1887 dantis
897 1853 1007 1902 prorsus
1020 1842 1147 1903 expertes
1159 1837 1337 1887 haberentur.

198 1907 302 1955 ramico
316 1920 376 1965 eos,
397 1907 443 1970 qui
455 1906 522 1955 ioris
535 1907 564 1954 in
577 1904 650 1955 bello
669 1905 741 1953 ceci·
792 1906 867 1955 -In
882 1905 974 1954 verbis
990 1905 1125 1956 Herodoti
1140 1921 1201 1953 mox
1214 1920 1265 1969 pro
1278 1899 1340 1954 tod-

198 1974 309 2035 derant,
334 1972 527 2033 condiderunt‚
552 1973 586 2022 iis
607 1971 674 2021 solis
696 1988 741 2021 ex·
792 1987 858 2029 τους
876 1964 912 2037 δὴ
931 1987 990 2021 curn
1009 1978 1126 2022 recenti.
1148 1972 1209 2021 edd.
1229 1973 1339 2036 reposui

199 2041 300 2105 ceptis,
324 2041 371 2104 qui
392 2041 426 2090 ad
447 2039 637 2089 Marathonem
660 2055 741 2088 occu·
794 2033 912 2097 τούτους
923 2032 964 2099 di,
977 2040 1025 2089 ubi
1036 2041 1148 2105 ponitur
1158 2039 1299 2104 particula
1309 2033 1339 2090 ii

199 2108 325 2156 buerant.
355 2107 435 2168 Quod
451 2108 539 2156 minus
558 2110 688 2156 accurato
701 2107 742 2155 di·
794 2106 838 2157 vel
850 2108 942 2173 potius
955 2108 1089 2171 repetitur
1102 2123 1162 2157 eum
1176 2110 1204 2156 in
1218 2107 1338 2167 modum,

198 2180 271 2224 ctum
285 2189 346 2223 esse
357 2179 430 2238 puto,
445 2188 505 2223 oum
515 2174 592 2223 nulla
601 2175 638 2223 sit
648 2188 742 2235 causa,
795 2190 847 2239 quo
865 2189 948 2240 supra
960 2175 1008 2237 lx,
1020 2173 1062 2235 03,
1081 2174 1128 2224 ubi
1141 2175 1196 2225 vid.
1210 2181 1296 2231 nott:
1313 2180 1340 2223 et

199 2257 248 2291 cur
270 2240 413 2291 Herodoto
437 2242 566 2291 minorem
590 2241 743 2291 habeamus
795 2243 868 2293 conf.
882 2240 1063 2302 etiam1,143.
1076 2240 1152 2302 11,26
1164 2242 1259 2306 ibique
1270 2248 1338 2293 nott

198 2308 289 2371 fidem,
303 2309 349 2372 qui
362 2309 701 2373 regionemPletaeensem
715 2314 744 2358 et
794 2309 873 2371 Quae
890 2314 1054 2374 sequuntur,
1079 2301 1340 2374 ἐπαισχυνομένους

197 2378 259 2442 ipse
271 2375 455 2441 perlustrasse
472 2377 625 2427 censendus
641 2381 684 2426 est
696 2392 741 2427 ea·
794 2375 828 2441 τῇ
850 2367 972 2426 α’πεοτοῖ
989 2377 1023 2439 (i.
1044 2392 1067 2427 e.
1090 2394 1144 2427 eurr
1159 2379 1269 2441 puderet
1286 2393 1339 2437 eor.

200 2460 251 2508 que
274 2443 357 2494 etiam
380 2449 503 2503 suamet,
535 2459 605 2510 quae
626 2449 741 2494 naturae
793 2446 863 2561 {aad
891 2460 907 2493 a
932 2460 1019 2509 pupae
1045 2441 1219 2509 abfuissent),
1250 2444 1341 2511 tangit

198 2512 317 2561 maxime
330 2516 519 2563 consentanea
532 2528 565 2563 ac
578 2512 743 2562 verisimilis
818 2511 946 2561 lomfield.
964 2512 1085 2562 Glossar.
1111 2512 1146 2561 ad
1163 2512 1296 2575 Aeschyli
1313 2514 1340 2562 S.

198 2578 334 2629 videntur.
354 2578 594 2645 QuareKruegero
608 2579 741 2630 accedere
794 2596 818 2629 c.
832 2579 883 2628 Th.
901 2578 944 2628 171
964 2580 998 2629 ob
1015 2595 1111 2630 rocem
1124 2568 1251 2635 οἷπεστῶ,
1270 2596 1340 2646 quse

198 2647 283 2697 nolim
303 2645 451 2711 (Philolog.
464 2647 527 2699 hist.
541 2647 618 2698 Stud.
630 2648 651 2697 I.
670 2664 696 2712 p.
710 2645 743 2696 70
794 2646 895 2696 Suidae
913 2647 934 2696 I.
953 2664 979 2712 p.
997 2647 1048 2697 257
1067 2647 1212 2712 exponitur
1228 2640 1340 2712 ‹inadp-

199 2715 301 2779 seqq),
328 2716 375 2778 qni
398 2714 471 2763 hunc
495 2716 646 2765 dissensum
670 2716 743 2763 inter
794 2712 990 2778 plor‚sbsentia.
1009 2714 1242 2765 Valckenarioad
1252 2716 1339 2765 Hero·

198 2781 367 2831 Herodotum
390 2785 473 2845 atque
494 2782 681 2844 Thucydidem
702 2783 743 2830 ita
794 2783 885 2831 dotum
896 2780 958 2841 Lite
971 2783 1058 2847 magis
1070 2782 1196 2847 placeret
1207 2772 1339 2843 ἄπεοτόῐ,

198 2850 260 2900 tolli
276 2864 357 2913 posse
375 2849 526 2909 existimat,
547 2854 579 2898 ut
596 2850 744 2899 Athenien·
795 2850 922 2926 quoniam
948 2849 1019 2927 apud
1044 2849 1164 2913 Hesych.
1188 2850 1209 2899 1.
1240 2867 1267 2915 p.
1291 2850 1341 2900 444

200 2917 272 2965 sium
286 2914 488 2979 cenotaphium,
503 2917 574 2979 quod
586 2916 743 2966 Herodotus
794 2910 932 2975 απεοτύς·
955 2911 1145 2982 αποχοίρηοις.
1177 2917 1220 2967 Dc
1245 2918 1339 2968 huius·

199 2983 271 3032 forte
284 2984 313 3032 in
322 2983 438 3048 planitie
451 2983 560 3044 viderit,
574 2999 604 3033 re
616 2998 684 3034 vere
697 3000 743 3034 ex·
795 2984 866 3035 modi
879 2984 1033 3034 nominibus
1045 2985 1100 3035 vid.
1110 2990 1179 3034 nott.
1193 2984 1228 3034 ad
1241 2984 1340 3045 lxtt.

199 3051 316 3107 stiterit,
336 3064 424 3112 neque
443 3065 508 3100 vero
525 3052 587 3115 ipsa
605 3051 743 3100 cadavera
829 3045 944 3117 χώματα
963 3051 1051 3118 χῶσαι
1066 3045 1161 3116 urredi
1180 3051 1262 3102 Corsi.
1281 3053 1340 3103 Sui-

200 3116 376 3166 continuerit.
796 3120 846 3170 das
869 3120 901 3169 T.
927 3121 978 3170 ΙΙΙ.
1003 3136 1067 3196 pag.
1085 3118 1144 3170 081.
1181 3120 1234 3170 Pro
1258 3114 1340 3171 πειτα

233 3181 289 3231 τῶν
313 3177 345 3233 di
368 3173 462 3233 ἄλλων
491 3201 516 3234 ιι.
539 3201 563 3233 τ.
588 3183 627 3251 t]
657 3186 745 3235 Affert
795 3187 867 3237 male
885 3187 1055 3237 olimsowot.
1086 3187 1155 3237 Sunt
1173 3182 1343 3238 enimcenol

199 3251 470 3301 Pseudo-Plutarch.
492 3253 529 3302 11.
554 3269 616 3319 pag.
638 3252 688 3302 872
710 3254 741 3303 F.
794 3255 891 3320 taphis
903 3271 993 3313 υαοαα,
1007 3258 1101 3315 inania,
1116 3256 1145 3304 in
1156 3255 1341 3320 quibusnuiia

200 3319 278 3380 Quae
303 3319 374 3369 enim
395 3319 422 3369 h.
440 3319 459 3369 1.
483 3321 582 3370 Noster
607 3323 740 3382 enuntiat,
794 3324 887 3372 insunt
903 3322 1247 3388 ossa⁵Vid.Wesseling.
1266 3324 1338 3374 Dius.

199 3386 349 3437 cohaerent
362 3402 423 3436 cum
437 3403 471 3437 ea
483 3390 632 3447 sententia,
647 3405 743 3455 exqua
793 3390 896 3440 Herod.
910 3391 960 3440 VII
973 3391 1035 3440 init.
1048 3407 1074 3456 p.
1084 3389 1125 3441 03.
1150 3390 1193 3439 Tu
1205 3390 1262 3440 rid.
1276 3392 1340 3440 Bre-

200 3455 318 3519 quinque
331 3459 436 3504 tanturn
453 3461 552 3519 gentes
565 3456 740 3517 Graecorum,
794 3457 854 3508 dov.
872 3474 936 3523 pag.
957 3457 1006 3507 150
1023 3458 1057 3508 de
1074 3457 1164 3508 torma
1180 3458 1342 3510 Herodotee

201 3536 270 3584 quae
284 3520 309 3570 h.
325 3521 341 3569 1.
361 3522 664 3588 disertoappellantnr‚
688 3526 742 3590 ipsi
793 3518 888 3583 ιιεινός
912 3542 960 3591 pro
983 3518 1073 3583 κενός.
1110 3525 1229 3575 Verbum
1253 3525 1340 3591 χῶσαι

199 3603 309 3653 pugnae
323 3589 479 3638 interfuisse
491 3591 694 3641 existimantur:
707 3593 742 3641 de
793 3594 887 3642 tritum
911 3594 940 3643 in
964 3593 1077 3643 tumulis
1100 3594 1175 3643 terri
1200 3595 1341 3659 congestis

201 3670 255 3719 qua
268 3654 323 3704 rid.
337 3660 405 3703 nott.
420 3656 454 3704 ad
466 3656 564 3715 lxm.
584 3659 682 3709 Errore
696 3660 742 3709 de·
763 3670 770 3681 ·
794 3661 1340 3728 notatWesseling.citansEurip.Iphig.

201 3725 309 3786 ceptum
327 3737 388 3771 esse
402 3723 568 3773 Herodotum
580 3725 744 3776 Muenseher
794 3728 877 3777 Taur.
896 3727 954 3779 703.
972 3729 1033 3778 sut.
1049 3727 1121 3779 1443.
1149 3728 1190 3777 Tu
1209 3729 1266 3779 vid.
1284 3731 1341 3779 He-

200 3790 253 3850 (De
266 3788 341 3838 rebb.
356 3789 528 3839 Plataeenss.
542 3807 568 3856 p.
582 3791 625 3851 61)
640 3794 744 3845 iudicat
794 3796 879 3845 rodot.
893 3796 916 3857 1,
931 3794 987 3847 itt.
1001 3796 1037 3857 11,
1052 3794 1109 3847 137.
1124 3795 1170 3856 IV,
1181 3796 1213 3845 'il
1228 3803 1258 3847 et
1270 3812 1340 3862 quae

200 3855 317 3920 indeque
342 3856 375 3905 de
399 3861 440 3906 tot
463 3860 637 3924 cenotaphiis
666 3861 742 3910 illurn
795 3863 829 3912 ad
847 3863 989 3913 hoslocos
1007 3863 1186 3913 attererent
1211 3890 1247 3899 —
1268 3866 1339 3914 Ante

200 3923 741 3988 somniassevoit,quamq11nm,aitMuen-
794 3929 910 3980 alterum
939 3924 1114 3997 Αἰγινητέων
1142 3931 1246 3981 inserui
1274 3931 1340 3991 triv,

200 3989 294 4050 schor,
319 3992 486 4055 cenotaphia
505 4008 609 4057 quoque
629 3996 663 4045 ad
679 3996 742 4045 Pia·
794 3998 865 4061 quod
896 4013 984 4063 aeque
1014 3998 1094 4048 deest
1123 3999 1152 4047 in
1181 3999 1339 4058 Sebaeieri,

200 4061 282 4107 taees
295 4057 436 4108 exstitisse
448 4057 521 4109 hand
539 4063 596 4111 veri
611 4062 748 4113 dissimile
795 4064 906 4127 Marta,
930 4065 1053 4116 Bekkeri
1077 4072 1106 4115 et
1127 4065 1263 4116 Dindorfii
1283 4068 1340 4116 edi·

201 4129 251 4175 est
276 4125 365 4187 Quam
382 4127 411 4175 in
428 4142 483 4176 rem
496 4122 578 4177 tecte
592 4131 672 4179 nohis
688 4146 745 4180 mo·
796 4132 929 4194 tionibus,
957 4133 1006 4183 sed
1019 4138 1100 4192 ¹tonte
1119 4132 1243 4184 additum
1261 4140 1340 4187 ests

199 4193 744 4259 nerevideturGrotefflistoryofGreece
795 4200 950 4251 Dietschio.
972 4200 1051 4262 Quae
1063 4206 1224 4266 sequuntur,
1235 4206 1342 4263 trpem

201 4260 234 4310 V.
247 4277 274 4326 p.
287 4259 362 4323 249),
376 4260 495 4327 reliquos
509 4264 643 4325 Graecos,
659 4266 745 4330 quiin
795 4267 1055 4318 Pseudo-Plutarch.
1074 4269 1112 4318 11.
1132 4284 1159 4333 p.
1171 4268 1223 4320 873
1233 4270 1266 4319 Α.
1297 4258 1340 4319 lte

201 4327 290 4394 ipsam
303 4344 423 4394 pugnem
435 4330 553 4395 ingressi
565 4347 619 4381 non
632 4333 699 4397 sint,
713 4332 748 4383 li·
795 4350 864 4387 voce
876 4327 1030 4405 πρόξεινον
1047 4334 1121 4393 coni·-
1133 4340 1202 4387 nott.
1217 4336 1252 4388 ad
1264 4337 1340 4397 vni,
