2984 5154
248 373 289 433 74
685 365 951 427 HERODOTI

245 538 343 621 κότος
367 544 403 609 ot
421 535 594 628 Ἀθηναῖοι
613 541 667 610 ἐπὶ
684 536 746 628 τὴν
763 534 960 629 ἀκρόπολιν,
985 541 1021 612 ot
1033 538 1095 627 μὲν
1114 540 1280 629 ἐρρίπτεον
1298 539 1371 607 ἕνν-

244 639 323 723 rods
341 637 424 711 κατὰ
440 644 502 711 τοῦ
517 649 642 732 τείχεος
665 639 752 711 κάτω
771 642 826 710 καὶ
845 646 1097 730 διεφθείροντο,
1122 644 1156 709 ot
1172 639 1208 709 δὲ
1226 642 1257 720 ἐς
1273 636 1307 708 τό
1322 640 1371 728 μί·

244 772 348 835 γαρον
366 741 582 834 κατέφευγον.
618 744 686 815 τοῖν
704 743 742 814 db
759 744 918 835 Περσέων
935 747 969 812 οἱ
990 738 1233 830 ἀναβεβηκότες
1251 744 1372 831 πρῶτον

245 943 316 1010 quod
332 943 510 995 Florentinus
523 944 617 1006 affert,
640 944 692 995 duo
710 944 789 994 cedd.
841 948 884 994 tes
897 946 1036 993 exstructo
1048 941 1187 994 intellexit
1198 941 1372 1006 reddiditque:
1469 988 1470 1011 ρ

244 1010 364 1074 καίπερ,
384 1027 453 1063 unus
471 1011 543 1062 liber
560 1010 613 1063 καί
626 1010 674 1062 τοί
707 1026 729 1062 ε.
765 1012 787 1061 Ε
844 1012 1008 1062 ΤΙιονοιοοτν.
1040 1010 1100 1072 Quo
1113 1010 1142 1060 in
1153 1026 1228 1060 muro
1243 1010 1288 1074 qui
1299 1007 1373 1059 collo·
1469 1016 1470 1057 i

244 1080 320 1131 Stob.
335 1080 420 1130 Serm.
433 1080 530 1142 XLIV,
544 1078 598 1146 [46]
612 1097 676 1147 pag.
688 1028 740 1131 hle
751 1077 787 1144 (p.
841 1080 898 1131 cati
915 1083 994 1130 erant
1005 1078 1189 1130 Athenienses
1201 1093 1261 1128 cunr
1276 1082 1374 1141 atergo
1469 1122 1470 1145 ρ

244 1147 303 1198 267.
316 1148 349 1197 Τ.
361 1148 399 1198 11.
415 1147 515 1211 Gaias.)
530 1147 730 1214 Wesselingius
743 1163 789 1197 ex·
840 1162 871 1199 ae
881 1147 1072 1197 circumveniri
1081 1146 1217 1210 viderent,
1227 1144 1324 1206 Persis,
1335 1144 1375 1209 qui
1469 1196 1470 1207 ρ

244 1217 314 1266 citat
326 1215 421 1266 καίτοι
433 1230 499 1280 περι
523 1216 572 1266 sed
584 1217 636 1266 hoc
648 1215 724 1277 loco,
743 1216 789 1280 qui
841 1232 858 1266 a
875 1215 1063 1280 septentrione
1080 1214 1110 1264 in
1128 1230 1220 1264 arcem
1236 1211 1374 1263 adscende·
1469 1210 1470 1257 l

243 1283 346 1349 legitur
363 1284 393 1333 in
403 1285 544 1348 Excerptt.
558 1283 673 1335 Stobaei
689 1281 788 1333 titld.
840 1286 916 1342 rant,
931 1282 1140 1341 accedentibus,
1162 1280 1232 1332 nihil
1244 1280 1316 1332 aliud
1326 1279 1374 1329 sibi
1469 1278 1470 1323 ζ

244 1353 268 1413 ξ.
281 1350 327 1416 41,
346 1351 476 1401 Meinelre
493 1351 567 1402 haud
584 1352 642 1402 acio
660 1367 696 1401 an
714 1357 790 1402 recte
841 1350 961 1416 relinqui
984 1349 1193 1411 intellexerunt,
1221 1350 1274 1399 nisi
1296 1352 1326 1397 ut
1345 1346 1376 1396 de

245 1418 403 1469 exhibuerit
425 1414 485 1469 sel
508 1412 628 1483 rdaep:
659 1409 734 1484 α’νὴρ
757 1445 790 1456 -
842 1435 917 1469 τουτο
938 1434 968 1468 se
986 1418 1140 1468 deiicerent
1158 1421 1206 1468 aut
1223 1417 1257 1466 ad
1274 1416 1376 1466 deorum
1469 1414 1470 1443 ³

244 1480 358 1551 α’γνοὲοι
380 1479 414 1537 db
435 1483 467 1537 τὸ
488 1481 621 1552 μέγιστον
636 1484 687 1538 καὶ
703 1479 791 1550 τόπερ
842 1485 990 1537 simulacra
1011 1486 1153 1551 fugientes
1175 1485 1292 1537 salntem
1306 1488 1377 1548 pete-

244 1547 297 1634 χρὴ
324 1548 435 1605 εἰδέναι
458 1547 554 1605 πάντα
577 1548 633 1633 τόν,
651 1549 791 1620 μέλλοντα
842 1559 904 1605 rent
915 1553 1062 1620 supplices.
1098 1554 1153 1615 Qui
1165 1554 1199 1603 de
1212 1568 1286 1604 muro
1298 1567 1326 1602 se
1337 1550 1378 1601 de·

246 1616 406 1685 ανθρώπου
418 1620 602 1687 recedenda,
617 1638 659 1673 οτι
672 1639 697 1673 κ.
710 1638 733 1672 τ.
747 1623 771 1673 t.
842 1624 979 1684 iecerunt,
993 1622 1057 1672 inde
1070 1621 1165 1671 atatim
1173 1616 1378 1687 perderenttdte·

277 1684 309 1740 οἴ
328 1682 382 1755 μὲν
406 1681 555 1755 ἐρρίπτεον
577 1682 699 1748 deurode
718 1681 791 1741 κατὰ
843 1687 1013 1756 φθείροντο)
1032 1693 1081 1740 aut
1099 1693 1191 1751 certa,
1210 1691 1235 1739 si
1253 1688 1297 1753 qui
1312 1684 1378 1737 salui

242 1757 295 1809 τοῦ
307 1756 415 1822 τείχεος
424 1754 500 1809 κάτω
509 1759 559 1809 καὶ
568 1754 788 1824 διεφθείροντο]
842 1759 964 1810 evasisse
982 1773 1016 1808 ex
1032 1757 1085 1808 hoc
1103 1772 1171 1808 casu
1192 1755 1305 1822 putandi
1320 1754 1377 1811 siut

242 1827 261 1876 i.
276 1843 299 1877 e.
313 1827 358 1877 alii
369 1828 402 1877 dc
414 1843 484 1879 muro
497 1828 614 1878 deorsum
625 1843 653 1878 se
662 1831 790 1891 praecipi·
842 1842 859 1877 a
871 1827 978 1885 Persis,
996 1827 1024 1875 in
1038 1841 1152 1891 quorum
1169 1839 1265 1875 manus
1279 1821 1380 1874 scilieet

243 1901 331 1945 terunt
342 1900 419 1961 atque
427 1899 573 1960 perierunt.
603 1895 703 1945 Verbis
716 1887 790 1944 κατὰ
841 1893 1185 1960 pervenerant,trucidati
1198 1898 1268 1943 sunt

243 1960 295 2012 τοῦ
307 1961 429 2027 τείχεος,
448 1963 477 2012 in
495 1963 593 2028 quibus
607 1956 681 2014 aerei
695 1963 791 2013 eodem
876 1954 906 2011 οἴ
922 1955 954 2012 dh
972 1952 1001 2019 ἐς
1012 1954 1045 2013 τὸ
1056 1954 1184 2027 μέγαρον
1195 1952 1378 2024 κατέφευγον]
1469 1948 1470 1979 ³

243 2030 323 2079 modo
335 2030 446 2094 ponitur
459 2045 511 2109 quo
524 2046 607 2096 supra
616 2031 654 2089 ΙΙ,
665 2028 699 2080 39
712 2036 739 2080 et
751 2031 790 2094 11,
841 2030 859 2079 i.
875 2046 899 2080 e.
911 2032 959 2080 alii
967 2032 994 2079 in
1005 2033 1153 2080 Interiorem
1171 2032 1244 2080 aedis
1252 2034 1378 2094 porterus.
1469 2088 1470 2095 ρ

245 2096 302 2173 124.
315 2098 340 2158 §-
350 2095 366 2147 3
376 2096 434 2159 (ubi
445 2097 500 2149 vid.
510 2098 599 2161 nott),
613 2097 723 2148 additur
734 2099 761 2148 h.
771 2098 789 2147 l.
842 2114 992 2158 cameram,
1017 2097 1065 2148 ubi
1082 2098 1170 2162 ipsius
1191 2098 1261 2149 deae
1278 2093 1380 2146 simula-

242 2180 320 2214 aare
343 2180 377 2214 ex
400 2180 435 2215 ea
457 2165 591 2217 orationis
610 2165 789 2226 abundantia,
843 2182 918 2216 crum
940 2170 1013 2228 erat,
1038 2166 1216 2231 consepserant.
1256 2166 1298 2215 De
1318 2175 1381 2214 voce

244 2248 279 2283 ex
303 2246 357 2297 qua
378 2232 462 2282 etiam
486 2232 568 2299 paulo
593 2237 659 2284 ante
683 2233 792 2284 dixerat
841 2227 968 2298 μέγαρον
980 2233 1038 2283 dixi
1049 2233 1123 2295 adl,
1137 2234 1171 2285 45
1189 2238 1217 2283 et
1229 2231 1270 2283 65.
1304 2226 1381 2281 Intel-

244 2293 429 2365 ἔμπροσθε
453 2293 518 2364 πρό
540 2299 591 2368 τῆς
608 2291 789 2365 ἀκροπόλιος,
841 2300 938 2367 ligitur
951 2305 1052 2359 autem,
1065 2302 1164 2353 utiam
1178 2317 1262 2368 supra
1272 2298 1310 2363 (in
1319 2301 1381 2348 nott.

244 2370 252 2418 i
274 2383 333 2418 sam
345 2382 402 2417 rem
416 2368 573 2420 accuratius
590 2374 619 2418 et
632 2370 734 2421 certius
749 2369 790 2418 in·
842 2370 878 2420 ad
894 2370 930 2429 V,
948 2370 991 2419 77.
1012 2369 1074 2420 Vol.
1092 2370 1143 2420 111.
1168 2385 1234 2437 pag.
1254 2367 1315 2425 147,
1338 2365 1382 2415 nbi
1468 2360 1470 2437 ᾗ

272 2441 391 2488 caterua.
414 2436 791 2503 Adaignificationemverbi
841 2437 914 2488 male
942 2438 1104 2503 impressum
1126 2437 1232 2503 legitur
1253 2436 1331 2496 VIII,
1352 2430 1382 2482 83
1469 2454 1470 2457 ¹

243 2495 393 2585 ἐρρίπτεον
414 2506 560 2585 pertinent
578 2505 669 2585 allata
690 2505 725 2555 ad
741 2504 789 2563 IV,
842 2522 890 2572 pro
906 2505 987 2569 VIII,
1006 2502 1053 2622 53?
1069 2507 1179 2565 monui,
1199 2502 1383 2569 antiquissima

242 2571 284 2624 94.
319 2573 362 2622 De
375 2588 434 2639 ipso
448 2589 523 2623 muro
537 2589 562 2623 ar
576 2588 699 2638 quaeris,
717 2572 791 2623 haud
841 2572 1121 2625 MinervaePoiadis
1139 2574 1239 2635 aedes,
1258 2572 1382 2636 adquam

242 2639 497 2706 quidemlutBeule'
510 2642 675 2692 arbitretur:
688 2640 789 2691 l‘dcro·
843 2642 958 2692 eandem
976 2657 1049 2692 nunc
1067 2658 1175 2707 quoque
1189 2641 1295 2692 referre
1306 2637 1383 2690 velim

241 2709 306 2774 pole
318 2709 340 2757 Ι.
354 2724 380 2774 p.
393 2706 437 2773 89)
456 2724 516 2759 eum
529 2725 634 2760 murum
650 2708 697 2760 hic
709 2708 790 2760 intel·
841 2709 975 2760 Herodoti
991 2711 1079 2761 uerba
1097 2710 1176 2770 (vn,
1195 2710 1240 2765 72)
1258 2709 1291 2759 de
1309 2705 1383 2757 cleo·
1469 2706 1470 2729 ¹

241 2776 291 2842 ligi
305 2781 379 2841 puto,
394 2792 473 2841 quem
481 2778 596 2844 Pelasgi
610 2778 686 2828 circa
698 2792 791 2828 urcem
841 2793 933 2834 meac.
948 2778 994 2842 qui
1005 2777 1121 2828 intravit
1134 2769 1164 2837 tc
1176 2771 1209 2829 τὸ
1221 2772 1328 2828 ἄδυτον
1338 2770 1383 2829 τέ
1469 2776 1470 2801 ³

242 2843 307 2894 olim
320 2843 434 2894 duxisse
450 2844 577 2895 dicuntur
589 2847 640 2908 vl,
655 2845 717 2910 137,
736 2843 791 2896 Ha·
842 2843 930 2909 θεοῦ,
950 2860 1020 2910 quae
1032 2846 1161 2898 Rossium
1174 2851 1287 2898 secutus
1302 2841 1336 2894 ad
1373 2865 1384 2873 -

242 2904 379 2976 λαογικόν
391 2913 499 2977 τεῖχος,
512 2917 543 2962 ut
554 2914 654 2963 Noster
666 2912 789 2979 appella·
841 2918 928 2964 terum
945 2914 1088 2965 Minervae
1105 2916 1241 2981 ternplum
1260 2929 1282 2965 a.
1299 2912 1384 2961 Heca·
1469 2910 1470 2937 ³

242 2980 284 3029 vit
299 2978 337 3040 V,
355 2976 389 3027 64
411 2977 469 3040 (ubi
491 2980 547 3031 vid.
569 2980 675 3045 nott.).;
699 2982 790 3047 agitur
841 2980 987 3048 tompedon
1000 2981 1083 3032 retuli
1094 2979 1170 3048 (pag.
1185 2981 1243 3034 137.
1256 2974 1383 3039 voum),
1469 2976 1470 3005 ³

243 3046 346 3112 potius,
366 3046 390 3096 si
408 3047 472 3112 quid
489 3046 585 3109 video,
605 3048 638 3098 de
658 3064 690 3099 eo
703 3064 788 3110 muro,
843 3050 878 3099 ed
895 3049 967 3115 quod
984 3049 1115 3115 templum
1132 3050 1186 3102 hoc
1205 3064 1312 3116 quoqne
1327 3044 1385 3095 loco
1469 3054 1470 3057 ’

244 3114 291 3180 qui
308 3113 343 3164 ad
355 3114 531 3166 occidentale
549 3117 623 3166 arcis
635 3116 722 3178 latua,
741 3116 789 3166 ubi
840 3108 872 3167 τό
885 3111 1012 3182 μέγαρον
1025 3123 1088 3183 epte
1101 3119 1203 3169 referri
1213 3116 1317 3183 nequit
1335 3112 1385 3164 Illa
1469 3168 1470 3173 ,

241 3182 370 3233 introitus
388 3186 449 3233 erat
466 3182 670 3248 adscensusque
695 3184 729 3234 ad
747 3200 789 3234 ar·
839 3186 984 3236 Minervae
996 3186 1118 3236 Poliadis
1138 3187 1238 3249 aedes,
1257 3183 1292 3235 ad
1310 3195 1384 3248 quam

243 3266 303 3301 eem
316 3249 423 3308 facilis,
441 3254 595 3302 exstructus
611 3257 672 3302 eret
685 3252 719 3303 ad
732 3267 788 3302 ma·
840 3246 873 3303 τό
881 3247 1008 3319 μέγαρον
1019 3258 1139 3319 spectat,
1152 3259 1185 3305 nt
1199 3249 1386 3319 antiquissima

242 3320 329 3371 iorem
355 3319 428 3368 arcis
451 3321 632 3370 securitatem
655 3319 789 3385 simulque
840 3322 881 3371 ita
894 3322 1074 3372 senctIesima
1090 3328 1163 3373 erat:
1182 3323 1212 3372 in
1227 3316 1386 3372 hanchthe-

243 3386 278 3438 ad
300 3386 405 3437 aditum
426 3387 677 3451 Intereladendnm‚
702 3389 726 3437 ai
744 3389 790 3453 qui
839 3390 953 3441 aienses
982 3388 1177 3454 confugientes
1210 3394 1294 3452 atque
1320 3383 1384 3437 snti-

241 3454 335 3505 hostes
354 3454 533 3505 accederent:
562 3455 616 3506 hac
640 3457 713 3506 enirn
730 3455 790 3507 sola
842 3473 922 3524 quum
935 3457 1005 3507 deae
1018 3453 1321 3524 signum(Palladium)
1334 3469 1385 3505 sm·

242 3522 316 3572 arcis
328 3525 407 3587 parte
425 3539 461 3573 ea
472 3528 547 3574 eerte
561 3527 669 3588 aetate,
688 3524 721 3574 de
736 3540 790 3590 qua
841 3524 1011 3591 plectentes,
1030 3529 1162 3591 tanquam
1175 3520 1286 3587 ἱκέται,
1299 3522 1386 3573 salros

242 3591 269 3640 h.
287 3588 306 3639 l.
326 3590 430 3655 agItur,
455 3584 488 3641 τό
511 3593 605 3656 τεῖχος
622 3596 790 3643 exstructum
841 3608 871 3644 se
896 3592 955 3643 lore
979 3599 1139 3659 sperarant,
1168 3611 1234 3646 mor
1257 3599 1349 3643 tamen
1370 3602 1387 3637 ι

241 3656 328 3708 fuisse
338 3657 464 3708 arbitror.
488 3658 530 3709 Ad
539 3659 613 3709 hanc
626 3675 732 3725 quoqne
747 3676 790 3710 ar·
840 3661 933 3712 Persis
946 3662 1079 3742 ingressis
1089 3663 1236 3713 interiecti
1248 3666 1324 3721 aurnt3
1336 3656 1388 3708 τῶν

241 3725 282 3775 cis
295 3729 401 3791 partem
414 3727 515 3789 refero,
529 3727 601 3792 quod
610 3744 694 3794 supra
703 3729 789 3789 (vm,
842 3721 875 3779 dh
895 3727 1040 3808 Περοεων,
1066 3732 1107 3779 ait
1126 3731 1245 3787 Noster,
1271 3722 1302 3779 οί
1321 3716 1386 3777 tiva·

239 3791 284 3855 bl)
296 3792 381 3859 lignis
392 3794 548 3860 tabulisque
562 3810 655 3845 arcem
667 3797 789 3861 sepsisse
840 3794 994 3863 deliqueras
1017 3796 1130 3863 πρῶτον
1153 3792 1190 3864 μὲ
1233 3788 1387 3859 ἐτράποντο

241 3861 369 3911 dicuutur
378 3860 562 3913 Athenienses
573 3863 601 3912 in
612 3879 677 3914 arce
687 3863 786 3925 relicti,
840 3857 912 3930 πρὸς
929 3857 981 3924 τὰς
997 3857 1102 3928 πόλος,
1128 3861 1239 3925 ταύτας
1262 3859 1295 3916 db
1311 3857 1387 3914 οἶνοί-

240 3929 362 3994 reliquas
376 3929 447 3980 arcis
460 3935 570 3995 partes,
584 3932 732 3997 praecipue
745 3947 788 3983 se·
841 3931 941 3995 ξαντες
960 3925 1027 3992 τοὺς
1044 3926 1140 3992 [sirac
1158 3924 1320 3997 ἐφόνευον,
1343 3929 1387 3978 ubi

240 3996 455 4063 ptentrionalem
472 3998 528 4068 loci
545 4004 645 4050 nature
663 4000 732 4050 satis
748 4004 789 4049 tu·
839 3993 891 4059 τὰς
907 3994 1000 4060 πόλος
1020 4001 1094 4052 haud
1111 4002 1243 4068 intelligo
1263 4002 1297 4052 de
1316 3997 1389 4050 aedis

241 4064 355 4115 tabetnr
378 4080 513 4131 rupesque
540 4067 709 4131 praecipites
733 4084 788 4118 om·
840 4069 920 4119 huius
937 4070 1025 4134 portis
1037 4085 1059 4120 s.
1072 4070 1179 4131 ianuis,
1201 4070 1239 4121 ad
1252 4085 1321 4135 quas
1336 4065 1387 4133 pri·

241 4148 305 4182 nem
319 4147 461 4184 accessum
476 4134 674 4200 impediebant.
692 4135 787 4201 Neque
840 4152 913 4187 mum
936 4153 966 4189 se
987 4137 1091 4189 Persae
1115 4138 1310 4189 converterint
1332 4133 1388 4200 qui·

242 4200 327 4251 aliter
351 4200 494 4266 Goettling
518 4202 715 4281 (Gesammelte
735 4203 790 4254 Ab·
840 4206 944 4270 busque
957 4208 1062 4272 apertis
1078 4205 1223 4273 supplices
1243 4204 1388 4257 interiece-

243 4266 348 4319 handll.
366 4284 429 4333 pap.
442 4268 486 4332 72)
503 4285 535 4319 το
551 4272 645 4336 τεῖχος
662 4270 695 4321 de
713 4287 789 4322 muro
840 4274 908 4323 rint:
927 4273 978 4324 has
991 4274 1064 4325 enim
1075 4278 1169 4340 portas
1187 4290 1210 4324 a.
1225 4274 1327 4324 ianuas
1337 4270 1389 4321 No·

243 4335 279 4390 ad
296 4340 391 4405 portas
408 4338 550 4390 iutroitum
566 4339 642 4391 ereis
660 4339 789 4391 clandeu·
841 4346 899 4392 ster
913 4341 982 4392 dicit
994 4336 1097 4406 θύρας,
1111 4341 1168 4392 vid.
1181 4342 1216 4406 V,
1229 4342 1274 4394 72.
1294 4341 1388 4405 Iraque
