2984 5154
434 381 634 441 URANIrl.
657 383 746 441 VIII.
770 395 795 443 ὁ.
818 392 844 445 6.
866 390 890 445 7.
1204 392 1238 450 ll

98 580 162 641 pov
185 552 262 636 περὶ
286 549 323 621 τό
352 548 556 642 Ἀριεμίσιον
582 557 777 643 ναυλοχέειν
799 558 876 636 νέας
902 551 1094 644 Ἑλληνίδας
1117 553 1242 645 ὀλίγας,

97 652 172 722 τότε
204 654 241 722 dl
270 648 368 722 αότολ
398 652 543 741 ἰδόντες,
574 653 742 744 πρόθυμοι
772 646 857 744 ἦσαν
882 660 1092 748 ἐπιχειρέειν,
1124 668 1157 726 εί
1177 687 1242 741 κως

98 758 209 824 ἕλοιεν
232 751 343 835 αὐτός.
384 759 419 824 ἐκ
441 757 503 845 μὲν
528 762 570 844 δη
593 786 650 845 της
673 786 788 846 ανπιης
812 757 1021 847 προσπλοόειν
1044 756 1085 828 οδ
1109 789 1157 830 κω
1181 781 1242 849 σφι

98 855 214 925 ἐδόκεε
232 860 340 926 τοῖνδε
359 863 485 945 εἵνεκα,
510 856 555 947 μή
573 887 638 939 κως
657 858 784 941 ίδόντες
808 865 843 929 ol
855 857 1011 949 Ἕλληνες
1029 860 1242 951 προσπλώον-

98 987 155 1039 τας
182 961 215 1038 ἐς
238 956 352 1046 φυγὴν
375 954 576 1048 ὁρμήσειαν,
604 959 791 1049 φεύγοντάς
814 990 849 1031 τε
873 959 1022 1053 εὐφρόνη
1046 962 1240 1053 καιαλόβοι·
1306 986 1312 998 ·

100 1063 153 1129 καὶ
174 1067 313 1148 ἔμελλον
339 1065 446 1148 δῆθεν
471 1058 706 1150 ἐκφεύξεσθαι·
741 1069 808 1133 ἔδει
835 1064 872 1134 δὲ
889 1065 973 1155 μηδὲ
996 1064 1172 1153 πυρφόρον
1195 1069 1242 1158 τῷ

98 1166 240 1232 ἐκείνων
257 1160 345 1256 λόγῳ
364 1162 552 1252 ἐκφυγόντα
569 1168 813 1255 περιγενέσθαι.
858 1160 950 1257 Πρός
959 1158 1076 1237 *sotira
1093 1157 1142 1236 ιόν
1159 1165 1266 1239 τόδε7

98 1377 263 1428 quemquem
281 1379 335 1412 non
351 1365 422 1414 sutis
440 1369 570 1414 accurate
586 1365 644 1430 ipse
696 1366 793 1416 vendit
818 1367 845 1415 id
863 1367 933 1430 quod
951 1383 967 1415 u
984 1368 1130 1417 Persarum
1149 1374 1241 1419 mente

96 1431 227 1480 Timaeus
238 1432 364 1495 scripsit:
377 1430 474 1497 δείλης
484 1430 601 1495 πρωίας,
611 1432 646 1499 τῇ
697 1450 806 1498 prorsus
819 1434 939 1484 alienum
953 1439 1022 1497 erat,
1037 1451 1070 1483 ex
1082 1450 1137 1499 quo
1149 1452 1241 1487 omnes

97 1489 286 1561 κρὸᾶρίστου
298 1489 594 1564 όρᾳ·σείληςόφιάς,
610 1501 645 1566 τῇ
697 1501 820 1552 Graecos
855 1502 889 1551 ud
919 1517 999 1551 unum
1052 1503 1121 1553 crire
1152 1519 1240 1568 neque

97 1560 150 1629 xpri
163 1565 301 1616 δείπνουι
316 1583 384 1632 quse
396 1570 500 1618 rectius
513 1570 553 1618 sic
565 1568 645 1619 affert
696 1585 857 1634 quemquem
879 1570 985 1620 salvum
1007 1520 1128 1635 cdrrgere
1147 1571 1240 1621 volue-

98 1636 196 1683 Iloeris
215 1652 242 1700 p.
263 1634 325 1685 132:
354 1635 451 1699 δείλης
467 1633 590 1699 πρωίας,
612 1630 643 1686 τό
695 1642 765 1687 runt.
797 1638 967 1702 Itaqueoum
980 1637 1240 1689 Dindorfiosiclru·

98 1699 164 1779 μειβ
187 1697 279 1783 ἕκτην
301 1691 393 1767 ὥραν·
425 1701 521 1769 δείλης
544 1696 642 1769 όψίας,
694 1707 753 1755 tine
765 1706 880 1756 reddere
893 1704 998 1771 placet:
1022 1712 1097 1771 atque
1114 1714 1188 1757 erant
1205 1709 1242 1757 ni-

13 1830 14 1843 *
101 1786 166 1832 προς
183 1784 319 1833 consputo.
359 1772 439 1822 Unde
461 1772 531 1821 setis
556 1777 642 1838 potet,
694 1775 781 1822 mirum
791 1773 854 1839 sopri
864 1778 968 1829 εαλαιεαι
976 1778 1137 1823 consecuturi
1145 1772 1241 1835 (Gree-

103 1854 153 1886 uon
171 1845 247 1889 reete
267 1840 478 1904 interpretatum
500 1855 561 1889 esse
578 1839 643 1889 Vel·
696 1842 729 1903 οἱ,
745 1843 768 1891 si
780 1843 882 1891 Persae
895 1841 1062 1891 continuoiu
1073 1842 1148 1905 ipsos
1156 1843 1241 1907 impo-

101 1904 153 1955 λεια
164 1911 233 1956 circa
247 1909 396 1965 diluculum
413 1923 528 1972 eumque
543 1909 589 1972 qui
602 1924 643 1957 se·
696 1914 751 1958 tum
765 1909 923 1969 iecissem:
943 1924 1027 1973 quure
1045 1909 1155 1959 minime
1174 1926 1241 1975 opus

13 1974 14 2039 g
100 1975 322 2038 quiturLeugius
332 1976 480 2026 vernacule
491 1992 545 2026 non
556 1976 644 2041 magis
695 1978 834 2043 corrigere
841 1971 959 2042 μέλλωσι
969 1976 1013 2025 vel
1020 1976 1158 2042 μέλλοιεν,
1170 1979 1241 2042 quod

98 2049 168 2092 recte
182 2043 317 2092 reddidit:
330 2050 355 2091 ιἰι
366 2046 431 2092 aller
442 2044 540 2101 Frtie,
553 2059 643 2108 neque
695 2045 956 2108 Schweighaeusero
976 2046 1005 2094 in
1023 2050 1141 2094 mentem
1158 2062 1241 2096 vene·

13 2146 14 2149 ¹
98 2112 198 2161 rectius
218 2110 391 2161 Schoellins:
423 2116 467 2160 nsit
488 2115 536 2162 der
557 2118 643 2162 ersten
695 2117 751 2174 rut,
772 2114 817 2178 qui
835 2113 905 2163 haec
922 2114 985 2178 ipsu
1002 2113 1090 2163 minus
1109 2120 1240 2164 accurate

97 2180 271 2243 Drumerunp.
296 2180 334 2228 Et
348 2181 559 2244 queecontinuo
573 2180 645 2244 apud
696 2181 736 2230 sic
753 2182 964 2246 interpretatur:
983 2196 1132 2239 „ne—nox
1140 2181 1240 2247 supien-

94 2246 220 2297 Nostrum
232 2247 419 2298 subiicirrutur
432 2240 603 2312 (φεόγοντιίς
615 2262 645 2297 τε
695 2255 734 2298 tes
746 2253 875 2313 reciperet
891 2250 1007 2316 adeoque
1022 2250 1086 2300 salvi
1099 2251 1137 2299 iiii
1148 2252 1239 2299 evode-

95 2305 489 2380 εόφρόνηιιαταλᾰβοι),εειίε
499 2315 643 2365 ostendere
694 2322 784 2373 rent“,·
802 2318 848 2365 ubi
865 2316 969 2366 nullam
980 2330 1092 2383 prorsus
1104 2318 1239 2367 rationem

95 2389 215 2447 possunt,
223 2382 259 2432 de
271 2382 393 2432 diluculo
402 2384 536 2433 matutino
546 2400 645 2434 sermo-
694 2384 793 2434 habuit
812 2384 928 2435 voculae
947 2383 1056 2449 δῆθεν,
1078 2385 1113 2434 de
1130 2401 1184 2450 qua
1202 2385 1238 2435 ci.

96 2466 152 2500 uem
165 2452 215 2501 iric
230 2466 292 2500 esse
305 2466 360 2500 non
373 2466 460 2515 posse,
475 2451 523 2501 sed
534 2452 567 2501 de
577 2457 643 2501 tern-
695 2450 916 2516 citt.udcap.5.
945 2452 1005 2502 Neo
1022 2454 1111 2517 magis
1122 2453 1240 2517 probare

97 2535 157 2583 pore
172 2518 377 2584 pomeridiano.
413 2519 477 2569 Mox
493 2519 642 2570 eFlorent.
694 2536 804 2585 possum
817 2535 879 2569 eum
890 2519 1037 2578 rationem,
1052 2535 1106 2585 que
1117 2520 1240 2585 Longius

98 2588 150 2637 cod.
165 2603 232 2637 cum
246 2591 363 2635 recenti.
379 2587 439 2636 edd.
454 2587 517 2637 dedi
529 2582 642 2652 γινομὲ·
694 2588 766 2638 hune
779 2586 1025 2637 locumvernecule
1035 2587 1165 2637 reddidit:
1185 2590 1238 2637 die-

98 2670 143 2719 ιην
166 2671 219 2720 pro
238 2648 410 2773 γενοηνίνην,
435 2656 505 2718 quod
528 2655 643 2704 retinuit
693 2672 738 2705 seu
756 2670 879 2705 rocroort
896 2652 1030 2704 Sciiclrsol
1051 2654 1172 2705 bestimmt
1193 2671 1240 2704 oon

97 2722 287 2772 llatthiae.—
315 2714 643 2787 κτῆςιίντιήςυελελεπ
694 2726 795 2773 donner
815 2740 846 2772 zu
863 2722 1032 2773 entlrommen:
1056 2736 1144 2786 noque
1169 2724 1239 2772 enirn

96 2793 209 2840 adeerw.
254 2790 300 2839 Sic
317 2790 434 2851 VllI,i
457 2797 484 2839 et
507 2790 574 2854 vn,
592 2791 642 2840 225
694 2792 722 2840 in
740 2788 834 2841 verbis
853 2784 970 2856 ἔμελλον
988 2786 1084 2855 δῆθεν
1100 2789 1185 2840 telem
1203 2791 1240 2839 si·

97 2859 148 2907 rubi
163 2859 201 2908 ci.
217 2860 299 2921 nott.)
319 2849 348 2918 ἐξ
367 2851 499 2921 ἐναντίης
517 2863 642 2923 ctsnpra
694 2859 899 2925 guilicuticnem
921 2859 1012 2909 inesse
1035 2858 1124 2907 credo.
1148 2884 1181 2893 -
1207 2859 1240 2909 In

97 2925 207 2986 [1,161.
229 2926 348 2987 111,1·27
366 2926 424 2987 (ubi
442 2926 495 2976 vid.
512 2928 591 2987 nott)
612 2919 642 2977 ἔκ
694 2926 857 2978 'Piruelrnitz⁸
875 2927 939 2976 edit.
952 2928 1017 2977 min.
1032 2926 1116 2990 priori
1135 2930 1238 2977 exstet:

96 2992 142 3059 τῆς
159 2988 262 3057 ἰθέης,
287 2994 357 3058 quod
380 2995 453 3044 infra
470 2995 521 3057 lx,
541 2994 572 3044 37
591 2996 642 3043 ite·
694 2988 855 3061 καταλάβῃ
867 2982 885 3061 ᾖ
897 2989 946 3044 καὶ
960 2989 1077 3057 ἔμελλον
1089 3010 1115 3043 κ.
1127 3011 1151 3046 τ.
1164 2994 1187 3044 λ.

96 3077 150 3110 rum
162 3061 277 3126 legitur.
729 3058 787 3113 ἔδει
802 3058 834 3113 δὲ
851 3055 926 3128 μηδὲ
942 3058 1094 3126 πυρφόρον
1108 3088 1137 3097 ν
1152 3055 1238 3125 ἔκφυ-

127 3122 291 3193 φεόγοντιίς
314 3144 343 3179 τε
368 3122 496 3195 εὐφρόνη
518 3124 642 3179 καταλό-
693 3124 781 3196 ηόντα
791 3124 1006 3199 περιγενέσθαι]
1018 3131 1096 3191 Ques
1107 3130 1146 3179 sie
1156 3131 1239 3195 vulgo

97 3195 150 3262 βαι]
174 3198 218 3247 Ι)ο
244 3197 343 3248 vocula
360 3213 389 3247 ιε
407 3198 571 3263 simpliciter
594 3215 640 3263 po·
693 3199 822 3249 reddunt:
842 3198 968 3261 „debebat
984 3205 1078 3257 autern,
1097 3204 1123 3247 υί
1141 3199 1239 3247 Persae

98 3266 163 3324 situ,
175 3271 207 3314 ut
220 3264 294 3325 VIII,
312 3264 350 3314 10.
369 3264 406 3318 13.
420 3265 466 3327 20,
486 3267 559 3315 coni.
573 3268 640 3315 nott.

98 3333 130 3381 ud
142 3334 207 3391 l'II,
226 3331 286 3392 1883
305 3333 340 3382 de
358 3348 427 3383 voce
444 3324 573 3399 εόφρόνη
586 3333 640 3382 vid.

99 3399 184 3449 alisia
193 3400 229 3450 sd
239 3401 299 3455 vll.
315 3401 344 3449 12
355 3402 424 3451 etde
436 3401 639 3467 significatione

97 3468 172 3517 serbi
185 3462 342 3534 καταλάβοι
356 3475 424 3519 nott.
439 3469 475 3519 ad
489 3470 541 3532 VI,
553 3470 595 3519 29.
613 3461 640 3527 ίς

99 3529 193 3600 φυγὴν
205 3526 362 3602 ὁρμήσειαν
374 3537 470 3588 redde:
485 3554 534 3595 „ue
548 3540 643 3589 Graeci

98 3610 160 3652 -r‘n
167 3606 251 3668 [upum
259 3622 288 3655 se
295 3607 494 3670 proriperent‚·“
504 3605 640 3671 Schweig-

98 3669 245 3721 haeusorus
271 3673 402 3725 reddidit:
431 3675 520 3739 sugam
541 3682 641 3739 uitupe-

99 3746 164 3788 rent.
186 3741 263 3801 Quae
276 3742 405 3792 contiuuo
419 3746 569 3806 sequuntur
580 3759 640 3791 vcr-

100 3806 148 3855 bo:
176 3804 222 3857 καὶ
246 3803 363 3873 ἔμελλον
389 3808 484 3875 δῆθεν
508 3801 640 3873 ίκφεόξε·

99 3874 177 3934 σθαι,
190 3876 284 3926 sddite
294 3881 358 3927 sunt
370 3878 404 3927 ad
418 3877 584 3942 explicanda
596 3894 638 3940 eu,

100 3956 168 4007 quse
181 3944 207 3993 in
220 3946 342 4009 proxime
351 3946 523 4010 praegressirr
533 3946 566 3995 de
577 3961 638 3995 con-

100 4008 161 4060 silio
183 4012 327 4062 Persarum
351 4013 497 4063 traduntur
520 4014 641 4064 Graecos

102 4093 134 4126 er
151 4079 262 4129 adverso
283 4080 385 4131 adoriri
401 4081 565 4130 nolentium:
589 4082 641 4131 hoc

102 4147 208 4197 enimsi
225 4149 361 4199 iecissent
376 4149 495 4209 Persae,
515 4149 639 4210 Graecis,

102 4218 131 4260 ut
141 4212 239 4266 Persae
253 4222 328 4265 certe
341 4217 492 4281 putabant,
511 4218 640 4265 continuo

102 4280 229 4350 iringum
246 4298 278 4333 se
296 4284 511 4334 conficientibus
529 4286 640 4334 occasio

102 4347 163 4401 datu
191 4356 265 4403 esset
295 4350 446 4420 effugiendi
469 4366 552 4418 seque
584 4367 639 4403 ser·

694 3270 791 3333 quidem
804 3264 969 3326 dictitabunt,
991 3281 1022 3314 ne
1034 3266 1129 3329 ignifer
1141 3268 1239 3330 quidem

693 3339 718 3384 in
730 3338 781 3383 uita
793 3339 905 3401 reliquus
914 3336 1045 3382 ruunere.“
1067 3333 1238 3384 Proverbiuli

691 3404 791 3452 Noster
808 3400 894 3451 utitur
911 3402 1051 3451 locutione
1069 3401 1102 3450 de
1120 3402 1168 3463 iis,
1192 3402 1238 3466 qui

693 3470 728 3520 ad
749 3486 832 3520 unum
855 3486 948 3520 omnes
971 3468 1159 3519 internecione
1178 3484 1238 3533 per-

693 3543 771 3599 cunt,
791 3540 830 3587 ita
848 3542 878 3587 ut
889 3554 924 3589 ue
936 3551 1006 3586 unus
1025 3536 1132 3600 quidem
1146 3551 1239 3601 super-

692 3608 743 3669 sit,
759 3607 846 3656 clodis
859 3605 969 3655 nuntius
983 3604 1091 3669 quirit,
1109 3609 1140 3653 ut
1153 3604 1239 3653 diser-

693 3676 730 3724 tis
741 3674 833 3725 verbis
845 3674 938 3739 prodit
949 3672 1060 3722 Diodor.
1074 3672 1121 3735 XI,
1135 3668 1176 3733 λθ,
1190 3672 1239 3721 ubi

691 3742 748 3793 vid.
761 3742 928 3805 wesseling.
963 3742 1006 3789 De
1021 3742 1079 3817 ipso
1092 3739 1238 3816 proverbio

693 3812 781 3860 citent
794 3809 905 3859 Suidsm
923 3824 945 3857 s.
960 3825 983 3858 v.
1004 3806 1072 3857 υνδε
1090 3822 1239 3871 πυρφόρος

691 3878 727 3928 II.
741 3895 765 3943 p.
777 3876 836 3927 732.
856 3877 958 3928 Zenob.
972 3876 1050 3925 Cent.
1063 3874 1097 3936 V,
1111 3874 1152 3926 34.
1171 3875 1237 3925 Ilic-

692 3962 754 4012 gen.
777 3945 844 4007 VII,
872 3944 909 3993 15.
943 3944 1034 3993 Sclrol.
1059 3943 1093 3992 ad
1113 3943 1238 4006 Euripid.

693 4014 835 4064 Phoeniss.
848 4009 921 4063 1386.
934 4028 959 4076 p.
975 4010 1020 4059 141
1033 4009 1131 4061 Valelr.
1145 4010 1236 4059 Sclrol.

694 4081 729 4130 ed
742 4080 854 4145 Gregor.
868 4079 999 4129 Noniano.
1019 4078 1087 4129 Stel.
1102 4078 1137 4126 ll.
1155 4095 1180 4142 p.
1195 4076 1236 4133 tit.

692 4149 790 4214 quibus
803 4148 864 4197 cdd.
877 4147 986 4196 Arsenii
1000 4145 1099 4196 Violet..
1114 4161 1176 4209 pag.
1187 4145 1235 4194 391

693 4218 735 4267 ed.
747 4216 835 4265 Walu.
856 4219 883 4264 et
895 4214 1024 4263 Aristidis
1041 4212 1154 4263 Scholia
1170 4228 1235 4277 pug.

691 4283 740 4333 241
767 4284 809 4334 cd.
835 4282 980 4332 Frornmel.
1025 4283 1065 4330 Ac
1089 4273 1237 4345 πυρφόρος

691 4352 799 4421 proprie
813 4351 957 4403 didebutur
967 4350 1025 4401 sive
1036 4348 1167 4403 sacerdos
1177 4348 1235 4403 stve
