2900 5122
391 388 656 451 CALLIOPE.
680 390 738 451 IX.
762 399 893 454 *lh-25.

1151 394 1213 457 253

84 592 149 632 νιον
165 560 390 651 λογιμωτάτου
413 560 502 651 παρα
523 590 559 632 τε
583 565 732 654 Πέρσῃσι
757 564 811 631 καὶ
836 562 974 650 βασιλέϊ.
1010 567 1045 631 ol
1064 566 1126 651 μέν
1149 592 1214 633 νυν

84 663 234 754 βάρβαροι
252 662 362 757 τρόπῳ
380 668 428 757 τῷ
444 668 593 757 σφετέρφ
610 659 826 734 ἀποθανόντα
851 667 972 753 ἐτίμων
990 672 1187 734 Μασίστιον.

152 772 195 835 Ol
217 767 255 835 dl
274 762 449 853 Ἕλληνες,
478 762 522 847 ὥς
548 763 610 853 τὴν
632 770 736 836 ἵππον
760 768 912 849 ἐδέξαντο
937 764 1260 854 προσβαλλουσαν25

84 870 131 937 καί
156 866 327 957 δεξάμενοι
347 865 492 956 ὤσαντο,
513 865 705 956 ἐθάρσησαν
723 871 837 960 πολλῷ
853 870 995 956 μαλλον,
1023 870 1079 937 καὶ
1098 872 1214 957 προΐτω

83 970 136 1056 μὲν
153 973 183 1050 ἐς
200 966 330 1059 ἅμαξαν
348 972 502 1050 ε’σθίντες
519 967 579 1039 τὸν
596 966 716 1059 νεκρὸν
742 966 831 1059 παρὰ
855 966 913 1049 τὰς
939 967 1028 1052 τάξις
1055 968 1212 1059 ἐκόμιζον·

83 1065 146 1140 ὁδὶ
163 1068 280 1160 νεκρὸς
297 1060 341 1159 ἦν
358 1073 440 1159 θέης
457 1068 546 1154 ἄξιος
564 1066 728 1161 μεγάθεος
746 1077 858 1141 εἵνεκα
881 1073 936 1139 καὶ
963 1068 1110 1152 κάλλεος.
1146 1075 1215 1142 τῶν

85 1174 237 1242 δὲεῖνεκα
256 1175 434 1242 καὶταῦτα
453 1175 600 1243 ἐποίευν·
637 1176 842 1253 ἐκλείποντες
867 1169 924 1252 τὰς
949 1170 1038 1256 τάξις
1064 1177 1215 1261 ἐφοίτεον

85 1272 270 1364 θεησόμενοι
294 1282 493 1344 Μασίστιον.
529 1271 625 1344 Μετίι
653 1274 690 1344 δὲ
717 1277 811 1357 ἔδοξέ
833 1295 893 1362 σφι
922 1277 1157 1363 ἐπικαταβῆναι
1182 1278 1214 1355 ἐς
1262 1305 1267 1314 ·

84 1374 255 1456 Πλαταιάς·
291 1370 310 1445 ὁ
337 1373 401 1465 γὰρ
427 1379 532 1465 χῶρος
560 1378 715 1464 ἐφαίνετο
740 1380 851 1469 πολλῷ
874 1372 938 1445 ἐών
957 1374 1214 1467 ἐπιτηδεώτερός

84 1498 134 1564 σφι
150 1474 513 1566 ἐνστρατοπεδεύεσθαι
539 1472 776 1558 interaneis
801 1480 863 1547 του
886 1472 1087 1568 Ἐρυθραίου
1112 1475 1153 1547 τά
1178 1504 1214 1546 τε

83 1709 183 1760 radendi
201 1710 275 1776 apud
288 1710 411 1760 Graecos
425 1725 531 1776 quoque
546 1710 616 1761 anti-

83 1778 199 1841 quissimo
209 1779 329 1844 reperiri
340 1793 409 1828 aevo
416 1779 546 1829 observat
554 1780 619 1827 Lar-

83 1844 144 1895 cher.
156 1862 187 1895 ex
196 1847 324 1911 Euripid.
335 1845 495 1896 Alcestd‘lil
505 1852 533 1896 et
543 1846 592 1896 Plu
597 1853 616 1898 t.

83 1913 128 1961 vir.
141 1914 262 1980 Pelopid.
276 1914 309 1964 34
322 1914 383 1964 init.
398 1929 423 1979 p.
437 1912 523 1963 thor.
548 1914 616 1964 add.

83 1996 135 2045 cap.
151 1980 182 2031 33
200 1982 271 2031 ibid.
290 1986 318 2031 ct
334 1982 392 2031 vit.
410 1981 557 2031 Alexandr.
576 1982 617 2034 72.

83 2064 136 2113 pag.
149 2048 195 2099 704
202 2051 233 2101 E.
258 2050 371 2099 Etenim
385 2049 540 2099 Alexander
553 2065 617 2115 quo·

83 2130 125 2179 quc
138 2118 343 2182 Hephaestione
361 2122 466 2167 mortuo
483 2111 549 2176 τοὺς
572 2114 617 2167 lst-

83 2199 144 2242 τινος
154 2188 248 2248 κεῖραι
262 2185 374 2235 dicitur.

259 2355 330 2405 Car.
346 2354 431 2403 XXV.

112 2444 282 2522 ἐθάρσησαν]
308 2456 353 2506 Ita
375 2470 444 2504 unus
468 2454 552 2505 codex
570 2471 618 2521 pro

86 2522 148 2587 vulg.
170 2516 350 2589 ἐθάρρησαν.
386 2523 447 2573 Vid.
471 2524 557 2573 Koen.
584 2523 618 2573 ad

85 2587 183 2655 Gregor.
201 2592 329 2641 Corinth.
348 2591 390 2639 Dc
409 2590 518 2640 dialect.
532 2591 617 2642 attic.

98 2658 154 2709 ‚dh
171 2675 233 2725 pag.
254 2659 313 2709 153.
351 2658 428 2720 Quas
453 2658 535 2723 vulgo
556 2664 618 2723 post

116 2721 237 2792 ιίροηοαν
254 2727 368 2793 ponitur
380 2726 479 2776 vocula
491 2741 534 2782 τε,
557 2742 617 2776 curn

86 2793 147 2842 absit
158 2810 174 2844 a
186 2795 294 2846 duobus
308 2794 402 2855 codd,
420 2793 532 2843 abiecta
546 2800 588 2843 est
601 2810 617 2844 a

668 1710 771 1773 dinem)
793 1710 857 1759 haec
874 1708 1006 1771 faciehant
1029 1710 1069 1771 (ut
1086 1709 1147 1760 scil.
1168 1726 1214 1760 ca·

668 1778 754 1828 (laver
770 1777 901 1843 plaustris
914 1778 1068 1842 impositum
1081 1778 1215 1828 ducerent

668 1851 780 1910 praeter
797 1846 887 1895 aciem
905 1859 938 1894 ac
956 1845 1078 1911 singulos
1093 1846 1213 1909 ordines)

668 1917 799 1979 cunctique
821 1914 919 1962 relictis
939 1913 1091 1963 stationibus
1108 1917 1213 1964 accede·

668 1981 728 2031 bant
745 1983 862 2030 interituri
878 1980 1030 2030 Masistium.
1068 1981 1121 2031 Ubi
1143 1997 1214 2046 quae

671 2055 735 2098 anto
750 2040 883 2111 ἐφοίτεον
896 2047 960 2097 olim
979 2050 1083 2098 inserta
1096 2056 1156 2098 erat
1168 2066 1214 2098 vo-

670 2116 732 2166 cula
748 2113 812 2181 καλ,
831 2131 865 2165 sa
882 2130 955 2165 nunc
975 2117 1066 2166 eiecta
1084 2122 1139 2178 est,
1159 2132 1214 2166 me·

668 2184 782 2235 lioribus
806 2183 885 2235 codd.
908 2183 949 2233 ita
974 2183 1142 2234 iubentibus.
1182 2186 1216 2234 ln

668 2253 791 2317 proxime
809 2267 884 2315 seqq.
899 2251 933 2300 ad
950 2252 1063 2300 verbnm
1082 2242 1215 2302 ἐπικατα-

670 2318 756 2385 βῆναι
768 2320 822 2368 vid.
835 2318 909 2375 vul,
922 2317 955 2367 38
968 2319 1060 2383 ibique
1074 2325 1142 2369 nott.

704 2379 719 2436 ὁ
732 2379 787 2451 γὰρ
801 2385 890 2450 χώρας
902 2400 927 2434 τι.
939 2400 961 2433 τ.
974 2383 1008 2449 λ.]
1023 2387 1064 2435 De
1077 2392 1216 2436 structura

669 2455 724 2504 loci
737 2455 811 2504 coni.
824 2452 922 2501 Matth.
936 2452 981 2502 Gr.
996 2452 1041 2502 Gr.
1055 2455 1077 2513 ξ.
1091 2451 1150 2503 615.
1174 2454 1216 2503 Ad

670 2538 746 2639 εοφο.
761 2511 982 2585 ἐπιτηδεότερός
998 2533 1050 2585 σφι
1068 2512 1215 2585 δνστρατο·

669 2605 704 2640 τε
727 2583 847 2640 edredus
859 2587 916 2637 vid.
929 2592 996 2637 nott
1010 2587 1044 2637 ad
1057 2589 1107 2646 IX,
1121 2590 1145 2638 2.
1158 2589 1174 2637 7
1188 2594 1217 2639 ει

670 2659 793 2708 ebusum
811 2655 957 2706 locutionis
973 2646 1009 2704 τοί
1022 2669 1051 2706 τε
1063 2645 1135 2706 ἄλλα
1147 2657 1216 2706 Her-

668 2742 760 2776 mann.
780 2725 815 2775 ad
831 2723 925 2788 Vigor.
944 2738 1006 2789 pag.
1021 2723 1083 2786 722,
1104 2724 1151 2774 ubi
1168 2740 1216 2774 no-

669 2800 752 2844 strum
765 2793 856 2843 locum
870 2791 910 2840 its
919 2791 1021 2840 Latine
1034 2791 1137 2841 reddit:
1157 2810 1216 2855 „re-

85 2860 237 2925 Schaefero,
251 2878 332 2927 quem
349 2877 400 2926 ego
414 2877 475 2911 cum
487 2861 617 2911 Bekkero
666 2865 709 2927 μίν
723 2860 883 2911 Plorucensis
899 2876 952 2908 cum
969 2862 1026 2909 aliis
1037 2859 1114 2910 reims
1129 2863 1217 2924 aptior

86 2934 109 2976 et
131 2929 238 2994 reliquis
268 2930 330 2981 edd.
360 2934 476 2979 recenti.
507 2934 618 2979 secutus

85 3009 144 3046 rum:
160 2999 336 3048 retinuerunt
351 2996 465 3046 eandem
478 2996 618 3062 Schweig-

85 3061 186 3115 haeuser
198 3073 226 3116 et
239 3065 382 3116 Gaisiord.

112 3121 165 3182 ὅδὲ
178 3127 279 3197 νεαρὸς
291 3119 331 3199 ἦν
342 3148 368 3182 ιι.
382 3148 406 3182 τ.
420 3129 455 3197 λ]
475 3131 551 3182 (litat
563 3133 618 3181 Eu·

86 3200 155 3249 stati.
171 3202 205 3252 sd
222 3202 338 3251 Homer.
358 3200 407 3277 ΙΙί.ς
419 3216 446 3265 p.
463 3198 526 3262 626,
544 3200 577 3249 52
595 3215 616 3249 s.

85 3266 132 3329 481,
144 3272 166 3332 3,
179 3270 225 3319 ubi
239 3274 319 3319 recte
331 3267 379 3317 dat
409 3282 433 3329 ν,
449 3268 519 3333 quod
533 3269 617 3317 etism

85 3347 144 3385 nnnc
166 3352 180 3386 e
202 3335 366 3387 melioribus
412 3335 516 3386 erodoti
540 3336 618 3385 libris

85 3410 226 3454 revocatum
247 3420 311 3455 esse
329 3403 418 3453 rideo.
450 3404 618 3453 Schaelsrus

85 3472 160 3545 tenuit
171 3467 229 3538 ἔην.
243 3499 278 3508 -
296 3471 338 3521 λδ
350 3486 434 3521 voces
445 3462 575 3536 μέγαθος
591 3475 619 3520 ct

85 3538 351 3657 τᾶλβοςιρίεταιοοαε
370 3540 480 3589 iunctas
498 3540 535 3591 cl.
548 3544 616 3589 nott.

111 3672 160 3723 τόν
172 3670 202 3726 δὲ
215 3654 318 3726 εἴνειιᾶ
330 3670 480 3725 καὶταῦτα
491 3665 616 3739 ἐποίευν]

85 3737 152 3791 Cori.
160 3744 207 3806 ΙΙΙ,
216 3743 262 3805 43,
276 3743 325 3793 nbi
338 3742 456 3793 similem
469 3743 497 3791 iu
510 3742 618 3792 modum

85 3805 188 3872 loquitur
203 3813 315 3861 Noster.
334 3836 367 3845 -
384 3809 465 3873 „miv
483 3803 515 3859 dl
534 3810 618 3860 idest

85 3873 618 3997 tltlitthtdtht‘ih‘htti

86 3962 382 4133 imminit.
401 4079 606 4131 ι

86 4118 181 4212 lorado
197 4140 300 4208 νίεςἍ
320 4147 404 4210 ateis,
428 4143 460 4199 οἳ
476 4144 526 4198 καλ
543 4097 618 4214 ildri-

86 4223 159 4265 torro
171 4211 250 4283 φυὴν
258 4165 617 4282 καίεῖδοςᾰγητόνἚκτο·

87 4282 152 4341 ρειαί(
173 4286 199 4333 V
200 4285 322 4335 alchon.
349 4285 415 4335 Ideo
426 4300 487 4335 vero
500 4284 528 4348 (i.
543 4300 567 4334 e.
581 4284 615 4334 ob

86 4346 281 4409 pulcritudinem
299 4353 422 4417 corporis
440 4358 468 4403 et
480 4353 617 4417 magnitu-

668 2929 801 2979 oldehatur
830 2928 865 2977 ad
892 2929 1123 2978 cardamomum
1145 2928 1215 2992 Ery·

668 2998 774 3057 thraeo,
787 3005 838 3046 tum
851 2994 918 3060 aqud
930 2994 1131 3046 abundantior.“
1149 2996 1215 3046 Inde

670 3065 698 3114 in
721 3063 864 3114 Plutarchi
887 3063 945 3111 Vit:
965 3063 1078 3113 Aristid.
1102 3080 1165 3130 cap.
1186 3062 1217 3114 λδ

670 3131 729 3182 fin:
743 3129 793 3182 καὶ
805 3119 984 3195 τοῖςἘλλησι
997 3124 1217 3197 βουλευομένοις

670 3194 752 3263 ἔδοξε
762 3189 931 3263 πορρωτέρω
940 3197 1220 3263 μεταστρατοπεδεῦ-

670 3281 717 3318 σαι
735 3264 784 3318 καλ
801 3263 977 3332 καταλαβεῖν
995 3257 1147 3329 εὔυδρον
1165 3283 1216 3332 χω-

670 3336 742 3399 ριόν,
757 3326 820 3386 ἐπεὶ
833 3327 867 3383 τὰ
880 3333 1001 3397 πλησίον
1014 3328 1128 3397 νάματα
1141 3334 1217 3384 καθ-

668 3398 785 3469 ύβριστο
796 3396 846 3452 καί
858 3392 1030 3464 διέφθαρτο,
1044 3399 1101 3451 τῶν
1111 3396 1218 3469 βαρβί·

669 3487 727 3533 ρων
743 3463 998 3531 ἱπποκρατούντων
1012 3470 1147 3533 Sintenis,
1169 3472 1217 3535 qui

668 3540 734 3590 olim
747 3539 837 3589 tenuit
851 3530 987 3598 ἔνυδρον,
1007 3552 1077 3601 quae
1091 3553 1159 3588 sane
1173 3545 1217 3590 est

668 3606 843 3673 plurimorum
862 3603 939 3653 codd.
958 3603 1055 3665 lectio,
1080 3621 1154 3655 nunc
1175 3622 1217 3657 re·

667 3675 781 3726 vocavit
794 3662 934 3735 εὔυδρον,
949 3673 1018 3736 quod
1031 3688 1113 3723 unum
1122 3690 1217 3725 verum

667 3758 729 3793 osse
742 3742 788 3792 hic
800 3738 935 3790 Herodoti
954 3740 1029 3790 locus
1042 3743 1111 3791 satis
1124 3741 1217 3792 decla·

668 3816 721 3861 rat.
751 3808 857 3859 Eadem
871 3808 996 3857 confusio
1010 3809 1038 3858 in
1050 3809 1152 3859 Herod.
1167 3811 1214 3872 IV,

668 3878 716 3939 47,
733 3877 780 3926 ubi
793 3875 849 3925 vid.
862 3880 930 3925 nott.
966 3876 1007 3924 Ac
1022 3883 1135 3941 praeter
1147 3877 1216 3928 Gar-

668 3946 788 4012 gaphiae
807 3943 925 4005 iontem,
944 3944 1022 3994 cuius
1040 3946 1169 3995 continno
1186 3945 1218 3995 fit

668 4016 779 4075 mentio,
788 4007 947 4074 Βονκεραῒς
957 4010 1019 4061 fons
1029 4027 1136 4078 qnoque
1147 4029 1219 4063 com-

668 4084 832 4131 memoratur
846 4068 877 4128 lv
891 4078 1052 4138 Πλαταιαῖς
1065 4081 1137 4146 apud
1150 4082 1216 4145 Ety-

668 4149 731 4199 mol.
749 4150 786 4198 Μ.
806 4162 870 4212 pag.
888 4145 951 4209 207,
970 4146 1018 4211 41,
1043 4149 1091 4198 nbi
1114 4148 1148 4198 de
1169 4164 1217 4198 no·

668 4218 740 4267 mine
754 4215 839 4265 fontis
850 4212 930 4279 plura
941 4213 1093 4267 afferuntur
1102 4232 1117 4266 e
1127 4217 1215 4266 Theo-

668 4286 711 4335 nis
724 4282 936 4335 Commentariis
949 4283 979 4332 in
990 4282 1156 4334 Callimachi
1169 4282 1216 4336 At-

668 4367 723 4404 τια.
