2866 5134
292 437 350 497 DE
371 436 478 498 VITA
498 437 556 496 ET
576 436 769 498 SCRIPTIS
792 435 1030 496 HERODOTI.
1169 440 1232 501 410

83 606 152 674 mm,
170 607 219 677 qai
240 607 311 677 (vid.
327 607 422 677 Heyse
438 608 456 661 l.
476 609 493 660 l.
511 627 538 677 p.
554 610 588 663 68
605 614 633 662 et
654 608 751 676 laeger
773 627 801 678 p.
816 610 862 676 27)
879 609 1051 662 Herodotum
1068 609 1162 678 primis
1185 628 1230 663 co·

81 692 169 757 lonis,
201 692 249 762 qui
264 692 387 745 Thurios
412 711 483 746 anno
499 698 550 747 444
567 710 591 746 a.
608 693 674 747 Chr.
698 711 726 745 n.
748 693 954 760 discesserunt,
983 695 1122 747 accenseri
1148 713 1231 763 possc

81 784 223 845 negantes
238 777 344 848 aliquot
363 785 429 847 post
443 779 524 831 annis
539 779 568 830 in
585 777 716 830 coloniam
731 777 784 830 iam
798 778 932 831 conditam
952 778 1027 831 illunr
1045 798 1076 831 se
1092 780 1231 850 recepisse

80 869 211 931 ponunt:
239 868 270 914 ut
294 863 346 914 iam
364 879 417 916 non
443 862 692 934 quadragenarius,
715 863 763 915 sed
785 863 1042 934 quinquagenarius
1058 865 1143 918 fenne
1167 864 1231 917 illuc

81 947 190 998 abiisse
215 946 357 1013 putandus
384 948 430 999 sit.
462 948 533 1014 Sed,
559 948 612 1000 alia
628 955 658 999 ut
682 954 799 1013 ocean,
827 947 931 1000 diserta
945 947 1029 1001 Plinii
1042 956 1071 1001 et
1084 948 1231 1002 Strabonis

80 1031 243 1084 testimoma
273 1048 359 1101 supra
390 1031 470 1085 allata
496 1050 614 1103 prorsus
639 1034 831 1100 refragantur,
863 1034 935 1086 bene
959 1040 1087 1086 monente
1119 1050 1231 1103 quoquc

79 1116 224 1169 Vocarelio
242 1116 260 1168 l.
278 1116 296 1169 l.
309 1134 337 1186 p.
353 1120 378 1169 7.
394 1119 420 1169 8.
443 1118 541 1186 Itaque
556 1117 785 1187 acquiescendum
801 1125 845 1169 est
861 1118 889 1170 in
911 1135 953 1185 ea,
975 1134 1056 1188 quam
1078 1118 1229 1188 posuimus,

76 1200 234 1270 sententia,
249 1200 427 1270 Herodotum,
444 1202 492 1271 qui
507 1219 578 1255 anno
592 1206 644 1254 444
665 1220 691 1255 a.
707 1202 773 1254 Chr.
797 1221 824 1255 ιι.
841 1202 964 1256 Thurios
986 1203 1082 1273 utique
1106 1210 1231 1256 cesserat

74 1286 218 1351 colonus,
241 1294 338 1355 postea
359 1286 510 1357 etquidem
532 1287 604 1339 circa
626 1303 726 1339 annum
746 1291 795 1342 431
819 1288 917 1341 iterum
931 1287 960 1339 in
976 1288 1120 1344 Graeciam
1136 1305 1230 1340 rever-

72 1372 152 1424 tisse
170 1387 260 1440 eaque
281 1371 426 1424 occasione
447 1371 569 1424 Athenas
585 1372 701 1424 risisse:
727 1373 800 1442 quod
817 1372 888 1425 idem
903 1372 1015 1439 Lysiam
1033 1373 1134 1425 secisse
1153 1390 1228 1424 aoce-

71 1457 181 1526 pimus.
215 1454 338 1508 Athenas
354 1456 441 1524 igitur
457 1452 487 1509 ¹si
502 1456 600 1509 invisit
615 1456 720 1508 Noster
734 1456 807 1509 circa
822 1474 924 1510 annum
939 1460 1000 1523 431,
1015 1457 1078 1510 belli
1093 1456 1228 1525 Pelopon-

71 1539 189 1593 nesiaci
200 1539 289 1608 initia,
306 1558 376 1610 quae
392 1548 579 1594 commemorat
593 1539 641 1607 lx,
657 1543 691 1594 73
710 1541 770 1609 (uhi
791 1541 848 1594 rid.
865 1544 950 1607 nott.)
974 1541 1069 1594 videre
1094 1541 1229 1595 eiusdem-

68 1643 135 1697 que
161 1623 230 1677 belli
257 1625 325 1677 mala
351 1626 561 1689 etcalamitates
577 1642 744 1693 cognoscere
760 1626 866 1695 potuit,
892 1642 962 1696 qaas
988 1627 1028 1678 ita
1043 1633 1230 1680 commemorat

68 1711 125 1775 Vl,
147 1713 195 1777 98,
222 1717 254 1761 ut
267 1712 424 1763 accuratius
450 1711 577 1779 cognitas
603 1710 734 1762 habuisse
760 1710 821 1762 illas
838 1711 990 1780 suspiceris
1018 1710 1185 1780 longiusque
1199 1711 1228 1762 in

66 1797 141 1865 ipsa
155 1795 278 1847 Graecia
296 1805 435 1848 versatum
455 1814 517 1849 esse
533 1797 667 1848 Nostrum
694 1795 858 1847 concludas:
884 1796 979 1866 itaque
1007 1797 1087 1848 etiam
1113 1797 1140 1848 in
1163 1795 1229 1847 haec

67 1889 207 1949 tempora
228 1879 319 1949 operis
336 1880 504 1947 Herodotei,
528 1879 602 1951 quod
617 1888 674 1933 turn
689 1887 764 1932 certe
782 1880 868 1947 magis
884 1880 1051 1934 elaboratum
1068 1899 1130 1933 esse
1147 1880 1229 1935 adeo-

71 1983 129 2035 que
159 1962 321 2017 absolutum
348 1967 408 2019 lere
431 1966 541 2034 debuit,
567 1965 754 2017 recitationem
777 1965 893 2017 Athenis
921 1967 1019 2017 factam
1044 1983 1060 2018 a
1087 1964 1228 2017 nonnullis

72 2050 145 2102 viris
161 2048 258 2101 doctis
277 2048 396 2118 relegari
413 2067 499 2120 supra
514 2050 647 2102 vidimus:
673 2049 718 2102 cai
738 2049 861 2119 opinioni
877 2067 947 2120 quae
965 2052 1090 2118 obstant,
1112 2050 1150 2102 ibi
1176 2049 1228 2101 iarn

70 2133 308 2203 significavimus.

621 2339 646 2401 S.
662 2339 689 2390 d.

162 2491 246 2553 Quae
267 2498 411 2559 praeterea
425 2489 567 2542 Herodoto
587 2488 738 2541 acciderint
759 2495 787 2541 et
807 2488 897 2559 qualis
915 2489 1001 2541 luerit
1023 2489 1095 2541 vitae
1116 2505 1226 2556 cursus,

75 2592 113 2626 ex
137 2591 194 2642 qao
206 2573 330 2626 Thurios
352 2580 489 2641 cessarat,
512 2574 593 2644 plane
614 2573 782 2641 ignoramus,
805 2591 864 2625 cum
881 2573 949 2626 nihil
967 2573 1115 2645 quidquam
1134 2575 1168 2626 de
1184 2574 1226 2626 his

78 2657 149 2709 alibi
172 2658 299 2711 traditum
318 2666 410 2711 exstet
434 2667 462 2710 et
486 2675 573 2727 pauca
588 2664 693 2711 tanturn
719 2658 856 2729 exipsius
876 2658 1011 2711 Herodoti
1033 2659 1145 2728 seriptis
1161 2676 1226 2711 con-

80 2741 186 2794 iectari
206 2743 300 2813 potius
317 2744 428 2813 assequi
451 2742 539 2795 liceat.
576 2743 632 2806 Qui
654 2760 713 2795 cum
735 2744 878 2795 occasione
901 2744 990 2796 oblata
1017 2743 1150 2796 nonnulla
1169 2751 1225 2796 tra-

78 2827 134 2891 aaa,
159 2844 232 2898 qaae
257 2829 291 2879 ad
317 2829 424 2881 seriora
448 2828 607 2898 pertineant
620 2835 752 2898 tempora,
778 2827 842 2880 inde
865 2827 1060 2898 consequitur,
1085 2846 1118 2881 eo
1137 2845 1225 2897 usquc

75 2912 150 2966 illum
165 2913 328 2966 extendisse
345 2913 437 2965 vitam.
469 2912 616 2965 Pertinent
638 2915 712 2980 haec,
736 2930 807 2983 quae
821 2929 907 2982 supra
922 2913 973 2965 iarn
994 2912 1135 2980 attigimus
1149 2919 1175 2980 §.
1198 2917 1224 2979 4,

70 2999 107 3050 sd
128 3017 178 3051 res
201 3014 275 3051 auno
293 3001 341 3053 431
359 3016 383 3051 s.
405 2999 457 3052 430
472 3014 561 3068 usque
578 3000 612 3050 ad
633 3015 732 3051 annum
754 2998 1017 3052 attenhonem
1038 2998 1097 3050 fere
1114 3005 1224 3065 gestas,

68 3101 167 3156 neque
196 3083 270 3135 enirn
291 3083 324 3135 ad
343 3100 443 3135 annum
466 3085 518 3137 408
543 3099 631 3152 usque
649 3084 782 3136 Nostrum
803 3082 886 3135 uitam
903 3082 1062 3135 extendisse
1078 3082 1224 3149 credimus,

66 3179 99 3222 at
130 3168 199 3221 olim
219 3166 317 3220 elocis
333 3168 356 3234 l,
374 3170 424 3221 130
441 3167 535 3232 still,
559 3170 590 3221 15
612 3168 681 3220 falso
708 3167 856 3221 intellectis
883 3169 1000 3236 probare
1027 3168 1117 3219 conati
1145 3173 1225 3219 erant

64 3254 121 3307 viri
141 3252 238 3317 docti3
255 3269 344 3323 neque
363 3251 436 3305 aliud
453 3252 526 3304 vitae
541 3251 652 3321 longius
669 3251 818 3323 productae
832 3252 976 3320 vestigium
989 3252 1016 3303 in
1032 3269 1114 3320 opere
1126 3268 1223 3320 super-

67 3340 136 3391 stite
161 3338 310 3403 invenias,
334 3336 388 3389 nisi
403 3338 456 3389 huc
476 3338 580 3390 referre
603 3337 671 3391 velis
688 3335 773 3390 locum
789 3336 850 3403 Vll,
872 3339 931 3402 170,
950 3337 997 3387 ubi
1015 3335 1121 3401 clades,
1144 3352 1223 3405 quam

66 3421 225 3477 Tarentini
239 3421 316 3490 passi
330 3428 405 3487 sunt,
422 3421 537 3473 omniurn
555 3423 667 3475 maxima
682 3421 755 3474 inter
773 3422 897 3474 Graecos
912 3421 1000 3473 fuisse
1018 3419 1136 3472 dicitur:
1152 3411 1222 3472 sicce

61 3501 341 3577 φόνοςἘλληνιιιός
361 3503 527 3575 μέγιστος
548 3495 653 3568 οὗτος
680 3501 721 3575 dr}
743 3500 883 3575 ἐγένετο
904 3507 972 3558 τῶν
994 3496 1097 3573 ἡμεῖς
1121 3503 1223 3573 ἴδμεν

60 3614 88 3649 ιι.
108 3615 139 3651 τ.
160 3596 202 3645 L:
216 3609 286 3661 quac
304 3593 386 3645 verba
401 3592 571 3645 Herodotum
587 3592 632 3644 vix
649 3592 770 3643 scribere
784 3590 910 3659 potuisse
926 3590 1059 3655 existimo,
1079 3589 1103 3640 si
1121 3606 1222 3656 cogno·

58 3680 163 3732 visset
178 3676 283 3730 cladem
299 3678 445 3746 maximam,
463 3693 542 3746 quam
557 3678 584 3729 in
600 3676 693 3728 Sicilia
709 3675 891 3727 Athenienses
910 3692 981 3727 anno
998 3676 1048 3728 413
1068 3690 1092 3725 a.
1110 3671 1176 3725 Chr.
1194 3692 1221 3726 n.

58 3762 206 3836 perpessi
222 3768 298 3828 sunt,
317 3762 476 3832 praesertim
492 3770 551 3813 cuin
566 3760 772 3814 Atheniensium
791 3761 875 3811 rebus
891 3766 993 3812 tantam
1008 3774 1099 3810 curam
1117 3758 1222 3810 Noster

57 3846 255 3920 impenderit,
278 3853 310 3898 at
332 3848 416 3900 verbo
441 3853 516 3899 certe
539 3846 622 3898 huius
645 3845 754 3898 Siculae
770 3844 855 3897 cladis
871 3844 1034 3897 mentionem
1049 3843 1177 3910 lecisset,
1196 3842 1220 3894 si

58 3953 122 3988 earu
143 3931 288 4001 cognitam
308 3931 458 3984 ullomodo
477 3927 668 3999 habuisset*).
703 3931 799 3993 Quare
813 3931 864 3981 hoc
879 3929 940 3998 ipso
962 3947 1034 3981 anno
1051 3927 1220 3980 Herodotum

58 4022 87 4073 in
107 4017 195 4072 vivis
213 4033 268 4068 non
288 4016 404 4087 amplius
420 4017 509 4069 luisse
527 4016 663 4068 arbitror:
687 4015 780 4085 itaque
796 4020 860 4067 ante
876 4032 976 4066 annum
991 4016 1041 4068 413
1061 4030 1085 4065 a.
1105 4013 1171 4064 Chr.
1192 4030 1218 4064 ιι.

132 4235 167 4298 *)
187 4236 282 4297 Quare
302 4234 385 4284 etiam
411 4232 545 4283 accedero
569 4247 622 4282 non
639 4247 749 4298 possum
771 4231 944 4282 Dahlmsnno
967 4228 1105 4295 (Herodot
1131 4243 1157 4292 p.
1181 4225 1215 4275 38

55 4305 142 4374 seq.)
171 4309 202 4353 et
222 4301 403 4352 Grotefendio
423 4298 603 4365 (Gesohiohte
621 4315 646 4349 u.
667 4299 823 4365 Gcograph,
841 4315 894 4350 von
911 4297 1057 4348 Altitalieu
1076 4296 1098 4345 I.
1117 4311 1142 4360 p.
1162 4293 1217 4356 34),

56 4378 109 4442 qui
132 4370 311 4423 Herodotum
329 4368 400 4418 haec
418 4367 504 4417 verba
523 4368 667 4433 scripsisse
691 4372 792 4431 putant
814 4372 880 4416 anta
898 4367 970 4415 hauc
989 4365 1076 4429 ipsam
1096 4361 1217 4412 cladem:

57 4458 153 4511 quam
174 4440 200 4489 si
220 4441 319 4502 postea
336 4437 523 4501 cognovisset,
543 4440 618 4485 carto
636 4435 672 4498 id,
693 4435 801 4499 opinor,
820 4435 979 4484 indicasset.

946 4514 1014 4580 27*
