2932 5124
235 384 297 445 234
673 373 938 436 HERODOTI

236 553 395 640 Δωριέος,
413 546 522 637 ἄνδρα
538 555 645 636 οἰκίης
664 544 759 618 ἐόντα
776 550 833 635 τῆς
851 544 961 636 αὐτῆς.
1000 554 1046 618 Oi
1060 548 1122 637 μὲν
1140 545 1181 635 δὴ
1200 546 1265 618 οὐν
1284 558 1379 618 Heu
1460 618 1461 625 ,

190 661 338 743 11σανίῃ
358 650 603 740 ἐξεληλύθεσαν
621 654 682 732 ἔξω
699 646 865 740 Σπάρτης.
905 655 949 720 Oi
972 651 1009 719 δὲ
1031 647 1181 738 ἄγγελοι,
1205 644 1250 730 αἱς
1273 645 1380 739 ἡμέρη
1460 698 1461 701 ¹

236 751 405 844 ἐγεγόνεε,
441 749 544 822 οὐδὲν
568 749 692 831 εἰδότες
715 753 791 840 περὶ
814 755 872 839 τῆς
896 749 1029 839 ἐξόδου,
1055 754 1203 839 ἐπῆλθον
1228 752 1281 820 ἐπὶ
1300 748 1380 832 τούς

200 939 204 945 .
236 854 395 947 ἐφόρους,
420 858 457 924 ἐν
473 851 541 948 νόῳ
561 851 603 941 δὴ
622 860 751 942 ἔχοντες
769 849 1041 924 ἀπαλλάσσεσθαι
1060 856 1114 922 καὶ
1133 849 1229 922 αὐτοὶ
1248 855 1303 922 ἐπὶ
1321 857 1380 940 τῆς

237 961 367 1028 ἑαυτοῦ
390 960 532 1037 ἕκαστος.
571 952 768 1034 ἐπελθόντες
793 955 831 1024 dl
854 962 968 1043 ἔλεγον
991 953 1080 1024 τόδε·
1112 949 1218 1043 Ὑμεῖς
1240 954 1321 1043 μὲν,
1352 944 1382 1023 oi
1460 988 1461 1043 f

234 1056 512 1147 Λακεδαιμόνιοι,
537 1053 741 1145 adieceritis
758 1058 931 1145 μένοντες,
953 1052 1132 1126 Ὑακίνθιά
1154 1083 1190 1125 τε
1207 1053 1305 1143 ἄγετε
1322 1058 1381 1125 καὶ

235 1168 377 1249 παίζετε,
395 1156 660 1249 καταπροδόντες
679 1154 756 1238 τούς
773 1156 974 1247 συμμάχους.
990 1154 1162 1247 Ἀθηναῖοι
1174 1158 1223 1246 δὲ,
1241 1153 1287 1238 οἱς
1305 1154 1380 1227 ἄδι·

235 1363 275 1411 ita
288 1360 462 1421 obscuravit,
479 1363 510 1408 ut
527 1357 664 1407 defecisse
681 1356 727 1407 ille
741 1358 780 1407 vi·
832 1358 968 1409 connubio
990 1357 1159 1408 confirment.
1199 1356 1241 1407 Ad
1263 1357 1380 1408 uerbum

235 1429 359 1489 deretur,
378 1425 503 1477 hocloco
516 1425 691 1490 cogitandum
704 1440 779 1487 esse,
831 1418 1031 1488 προσαιρέεται
1044 1425 1103 1487 (ribi
1113 1426 1230 1486 adscivit)
1247 1425 1285 1477 cl'.
1298 1424 1378 1485 VIII,
1460 1454 1461 1469 ³

236 1497 328 1561 egitur
346 1497 419 1545 enim
438 1494 564 1560 proiecto
577 1493 610 1542 de
623 1508 653 1542 re
667 1492 780 1543 insolitu
834 1493 890 1545 130.
917 1494 959 1543 Ad
971 1493 1268 1559 plusquamperfectum
1281 1483 1381 1557 ἒξελη·

235 1570 264 1614 et
276 1563 420 1628 singulari,
435 1577 506 1627 quae
519 1560 582 1611 inde
592 1560 780 1610 Lacedaemo·
831 1554 961 1612 λόθεοαν
977 1561 1031 1611 vid.
1044 1560 1143 1611 Mattln
1157 1559 1203 1610 Gr.
1217 1560 1264 1610 Gr.
1277 1562 1304 1620 §-
1316 1558 1378 1619 505,
1460 1594 1461 1609 2

234 1634 341 1682 nicrum
364 1632 469 1681 enimes
491 1646 525 1679 ec
545 1629 716 1694 potissimum
737 1643 779 1677 re·
822 1626 877 1680 vIV.
912 1631 955 1678 De
972 1644 1042 1679 voce
1055 1622 1108 1690 ἔξω
1121 1628 1232 1679 adiecta
1248 1627 1325 1678 conf.
1339 1628 1380 1677 el·
1460 1646 1461 1695 q

235 1717 297 1766 gem
316 1702 356 1749 ite
374 1697 482 1759 affecit,
506 1702 536 1746 ut
553 1696 620 1746 meli
637 1696 702 1760 quid
719 1711 779 1760 por·
830 1698 889 1749 lete
903 1697 938 1747 ed
950 1697 1002 1759 ΙΙΙ,
1019 1694 1057 1748 lli.

235 1768 312 1818 tendi
330 1769 469 1845 putarent.
504 1766 593 1829 Atque
610 1764 700 1830 ipsum
717 1779 778 1815 ver·

234 1837 298 1885 bum
321 1833 473 1900 αμανροῦν
496 1832 619 1898 pleniore
640 1846 724 1882 sensu
745 1832 779 1881 de
1038 1864 1096 1915 cn
1123 1865 1163 1915 XI

136 1959 138 1963 ,
234 1905 269 1953 iis
288 1902 440 1953 adhibitum
452 1901 592 1962 videmus,
611 1915 681 1965 quse
696 1898 779 1964 plane
1098 1901 1105 1914 ⁶
1165 1900 1172 1914 ·
1460 1948 1461 1963 ¹

235 1972 275 2021 sic
288 1971 465 2030 obscurantur,
480 1973 510 2018 ut
523 1968 600 2017 cerni
612 1982 721 2032 prorsus
733 1982 780 2015 ne·
865 1964 914 2019 uel
938 1962 1021 2018 αὐτοὶ
1043 1958 1091 2017 ἐπὶ
1111 1963 1162 2032 τῆς
1183 1956 1293 2017 ἑαυτοῦ
1315 1960 1380 2017 ἕνα·
1460 1966 1461 2031 l

235 2044 345 2103 queunt.
386 2036 465 2101 Apud
486 2034 618 2099 Aeschyli
635 2036 711 2084 Pers.
729 2032 780 2082 228
832 2035 904 2102 erec]
923 2037 977 2111 IJro
990 2029 1073 2086 αότολ
1086 2033 1156 2100 quod
1169 2034 1305 2100 Stegcrus
1318 2051 1380 2085 eon·
1460 2066 1461 2091 r

234 2106 333 2155 chorus
350 2105 476 2154 Atossam
495 2102 656 2167 alloquitur,
674 2106 706 2150 ut
722 2103 779 2150 Dn-
831 2106 893 2155 iicit
910 2119 995 2166 ceres,
1014 2103 1113 2152 merito
1129 2102 1264 2167 reprobet
1281 2118 1382 2153 censor

233 2174 407 2237 rinmroget:
427 2162 518 2220 ἐσθλοί
535 2183 579 2219 σοι
596 2162 720 2233 πέμπειν
737 2162 781 2219 τί·
832 2172 986 2237 Lipsiensis
1006 2168 1079 2221 1833.
1097 2186 1161 2235 pag.
1175 2168 1217 2219 49.
1254 2171 1299 2220 Tu
1316 2171 1381 2220 vide

234 2256 293 2304 κνῳ
305 2254 334 2290 τε
365 2238 398 2305 ῆς
412 2232 534 2301 ἔνερθεν
546 2231 588 2296 εἰς
601 2233 689 2299 φάος,
710 2224 780 2300 τόμ-
830 2240 930 2290 Metth.
945 2240 990 2290 Gr.
1005 2239 1051 2289 Gr.
1065 2239 1088 2298 ἓ.
1103 2236 1229 2288 302.net.
1257 2239 1314 2288 Pro
1334 2230 1381 2288 tul
1460 2270 1461 2277 π

234 2309 323 2358 παλιν
333 2256 365 2358 θλ
374 2304 465 2357 τοῖνδε
475 2302 561 2371 γαίας
569 2293 665 2371 edroi
675 2295 695 2354 α’
700 2320 780 2369 μαν-
830 2306 881 2374 τῆς
890 2307 982 2373 plnres
991 2305 1070 2356 codd.
1082 2296 1129 2356 ἐπὶ
1141 2298 1212 2370 τήν.
1231 2305 1287 2355 Sed
1298 2322 1381 2370 prue-

235 2374 299 2439 ροῦ
305 2376 391 2427 σθαι
404 2366 502 2439 σκότῳ.
515 2374 656 2423 Leonides
665 2374 777 2451 Tqrent.
830 2380 889 2426 stet
905 2367 953 2425 lul
965 2373 1030 2440 τῆς,
1051 2375 1067 2423 i.
1082 2389 1106 2423 e.
1119 2375 1230 2437 putrium
1240 2389 1315 2422 σαανι
1324 2389 1381 2424 eer-

235 2445 263 2493 in
272 2443 418 2508 Antholog.
428 2441 520 2493 Pelet.
533 2442 631 2503 1X,24‚
646 2442 675 2491 1:
688 2455 778 2503 αστρα
829 2459 881 2493 ινα.
895 2470 924 2478 -
944 2443 977 2492 In
990 2458 1066 2505 seqq.
1084 2442 1119 2490 ad
1131 2432 1223 2490 αὐτοῦ
1234 2438 1307 2505 τῇδε
1325 2441 1381 2492 vid.

234 2505 287 2578 μὲν
299 2503 485 2578 ἠμαύρωσε
497 2507 546 2560 καί
557 2503 583 2560 ir
602 2501 722 2559 οὶκόνλα
735 2521 777 2558 σε·
830 2511 918 2561 allate
936 2510 971 2560 ad
988 2510 1039 2571 lV,
1057 2508 1103 2558 135
1121 2514 1149 2557 et
1166 2508 1240 2558 conf.
1260 2510 1382 2559 eundem
1460 2508 1461 2529 l

234 2572 321 2646 λήνης
338 2568 429 2640 ἄξονα
451 2569 571 2642 δινήσας
585 2526 714 2641 ρέμπορος
730 2566 777 2642 ἠέ·
829 2578 928 2628 Metth.
944 2578 990 2628 Gr.
1005 2577 1051 2627 Gr.
1064 2576 1166 2655 §.slim
1179 2574 1205 2626 8.
1460 2576 1461 2639 ξ

234 2648 302 2707 λιος.
327 2647 381 2697 Sed
397 2647 449 2696 hoc
462 2647 604 2695 mittemus
615 2646 696 2707 licct;
709 2643 777 2694 illud
857 2637 1013 2697 ‘Tuur‘vlirci
1029 2661 1059 2695 τε
1077 2658 1160 2709 apere
1182 2639 1233 2693 sul
1250 2642 1381 2709 παίζετε]

232 2712 782 2777 veroiuremiramur,quiSchwsighaeu-
829 2713 907 2776 Quod
918 2712 1050 2763 articulus
1060 2720 1125 2762 ante
1138 2710 1288 2762 Τανίνθια
1298 2714 1381 2762 emit
1460 2772 1461 2775 Ἴ

234 2799 296 2833 sero
305 2785 333 2832 in
343 2785 463 2834 mentem
472 2781 567 2830 venire
577 2782 705 2845 potuerit,
716 2779 778 2831 Cle·
829 2783 909 2842 titur,
929 2781 956 2830 id
974 2781 1140 2831 creberrimo
1156 2796 1220 2840 rrsu,
1239 2794 1293 2844 quo
1313 2788 1381 2830 ente
1460 2820 1461 2843 1

234 2847 655 2901 ombroturnhocsolisdelectu
666 2849 777 2901 minime
828 2849 984 2899 huiusmodi
999 2849 1112 2898 nomine
1129 2848 1260 2899 festorum
1274 2848 1382 2898 erticn-
1460 2850 1461 2857 ’

234 2919 320 2968 fuisse
332 2915 518 2982 perterritum,
533 2915 582 2965 sed
595 2916 688 2966 feusto
701 2915 778 2967 illum
828 2917 872 2968 lus
883 2917 1048 2981 negligitur,
1065 2914 1125 2965 ficri
1143 2915 1274 2966 observat
1286 2915 1381 2966 Sinte-

233 2985 325 3050 potius
337 2999 386 3049 pro
399 2982 488 3032 omine
501 2985 644 3048 occepisse
659 2983 778 3048 indeque
829 2986 872 3035 nis
885 2984 921 3033 ad
933 2984 1005 3034 Plut.
1015 2983 1192 3034 Themistocl.
1202 2983 1298 3032 Precl'.
1314 3000 1381 3049 pag.

234 3054 328 3113 etiem,
342 3049 698 3114 rescilicetperacte,eum
708 3052 779 3102 nihil
829 3053 917 3102 xxll.
953 3050 1000 3101 Sic
1013 3066 1097 3116 snpra
1114 3065 1220 3115 quoque
1234 3050 1309 3115 apud
1323 3052 1381 3101 He·

235 3136 252 3171 n
268 3119 361 3170 Persis
378 3118 432 3183 ipsi
449 3117 567 3183 emplius
589 3123 665 3169 esset
680 3120 778 3169 timen-
829 3119 915 3170 rodot.
930 3120 990 3181 VII,
1004 3117 1046 3169 λθ.
1059 3117 1118 3168 206.
1132 3119 1206 3177 VIII,
1220 3118 1254 3165 72
1267 3117 1315 3167 fin.
1337 3120 1381 3169 De

234 3188 308 3249 dum,
334 3201 489 3251 regressum
513 3201 574 3236 esse
599 3201 659 3236 curu
681 3188 777 3253 copiis.
829 3188 897 3252 ipsis
915 3187 1077 3251 Hyacinthi&
1096 3186 1153 3236 dixi
1176 3186 1212 3235 ed
1231 3186 1298 3246 Vll,
1317 3185 1381 3236 206.

233 3257 303 3306 Nom
315 3255 367 3306 hoc
379 3255 452 3304 inter
463 3269 557 3305 omnes
569 3258 689 3317 constat,
703 3256 779 3306 defe—
830 3256 908 3316 Quae
922 3255 1019 3305 eudem
1031 3269 1114 3319 supra
1127 3254 1174 3316 IX,
1185 3254 1203 3301 7
1214 3268 1382 3303 commemo

234 3325 339 3374 ctiones
351 3322 423 3389 opud
434 3328 544 3373 veteres
556 3337 609 3372 nou
619 3338 667 3387 pro
679 3322 779 3375 faustis
830 3330 933 3373 rentur.
957 3322 1086 3372 Incidunt
1104 3327 1197 3372 autem
1213 3322 1242 3370 in
1255 3321 1381 3371 medium

234 3392 371 3442 ominibus
381 3406 442 3441 esse
451 3390 573 3450 habites,
586 3391 635 3440 sed
645 3390 775 3442 malorum
828 3392 887 3441 iere
910 3405 1031 3440 mensem
1053 3390 1173 3447 Iunium,
1197 3404 1216 3438 α
1233 3404 1288 3453 quo
1311 3389 1381 3438 inde

233 3460 431 3510 imminentium
452 3460 575 3509 nuncios.
616 3459 675 3509 Rex
695 3475 778 3509 sacru
828 3475 913 3523 usque
937 3459 972 3508 nd
995 3458 1023 3507 id
1044 3462 1164 3523 tempus,
1188 3472 1241 3521 que
1259 3457 1289 3506 in
1313 3457 1383 3507 Ple·

233 3528 348 3587 fecernt,
359 3543 407 3592 pro
417 3543 492 3576 more
502 3526 701 3593 exploraturus,
713 3542 777 3576 num
829 3531 971 3576 tseensem
988 3526 1134 3590 planitiem
1148 3529 1211 3590 pest
1223 3524 1383 3575 descende-

232 3596 288 3659 ipei
311 3596 478 3645 conduceret
501 3594 596 3659 copias
620 3611 654 3644 ex
673 3595 777 3645 Isthmo
829 3600 891 3643 runt
908 3609 969 3644 cnm
981 3594 1074 3643 Persis
1093 3592 1268 3658 congressuri
1284 3592 1383 3643 medio

233 3663 334 3712 ducere
347 3662 477 3713 aduersus
489 3664 590 3713 Perses
608 3662 636 3711 iu
648 3678 776 3727 pugnem.
829 3663 887 3712 sere
899 3677 992 3711 mense
1005 3661 1129 3726 Augursto
1142 3660 1189 3723 (cf.
1199 3664 1270 3710 nott.
1282 3660 1320 3710 ed
1330 3662 1381 3719 lx,

233 3729 288 3779 Sed
300 3729 374 3779 melo
385 3730 439 3796 ipsi
450 3731 578 3795 portendi
586 3728 645 3780 sele
657 3731 719 3781 scil.
731 3731 776 3780 de·
832 3728 902 3793 101),
916 3729 987 3779 setis
999 3728 1100 3779 iustum
1112 3729 1230 3794 spatium
1243 3726 1381 3793 relinqui·

233 3798 344 3847 ficiente
357 3813 418 3846 cum
430 3796 623 3861 intellexisset,
636 3800 717 3848 nefus
729 3798 777 3848 he·
829 3804 872 3846 tur
884 3797 1026 3861 temporis,
1046 3812 1099 3861 quo
1117 3796 1152 3846 ed
1170 3795 1382 3860 expeditionem

233 3865 293 3915 huit
310 3865 405 3929 egredi
421 3866 571 3930 copiasque
588 3865 651 3914 inde
669 3865 777 3916 domum
828 3864 980 3930 perandum
989 3865 1096 3929 iterque
1106 3863 1266 3914 faciundum
1277 3865 1321 3913 uti
1331 3881 1383 3930 po-

233 3932 365 3982 reducere
389 3932 499 3994 meluit,
524 3932 686 3998 perterritus
709 3949 777 3984 sans
828 3936 930 3982 terent.
946 3958 980 3970 -
1000 3933 1119 3982 Verbum
1140 3928 1255 3992 παίζειν
1273 3937 1306 3981 ut
1322 3948 1382 3981 om·

233 4001 286 4049 hoc
299 4001 401 4059 omine,
420 4015 485 4065 quo,
504 3999 575 4048 mele
593 4015 705 4050 cessure
717 4016 778 4051 esse
829 4002 894 4051 nino
906 4003 1003 4061 ludere,
1016 4016 1060 4050 ree
1071 4002 1185 4050 ludicrae
1195 4014 1276 4063 egere
1288 4000 1382 4065 signi·

234 4083 304 4132 quae
317 4067 467 4127 moliretur,
480 4066 631 4116 indicatum
642 4073 711 4117 eret.
731 4069 778 4118 Sic
829 4067 908 4125 licet,
925 4068 966 4117 ite
978 4067 1142 4133 singillatim
1155 4066 1263 4116 indicet
1274 4068 1383 4118 chor-ers

233 4150 317 4201 supro
329 4136 357 4193 Ι,
370 4135 403 4183 74
416 4135 508 4198 Lydos
526 4150 559 4184 uc
572 4133 668 4184 Medos
681 4135 716 4185 ad
729 4152 776 4201 pu·
828 4152 856 4186 se
872 4136 1014 4196 oblectere,
1038 4139 1151 4186 saltare:
1174 4149 1245 4199 quus
1264 4136 1382 4199 quidem
1460 4180 1461 4189 2

233 4203 371 4269 gunndnm
396 4216 557 4267 congressos
580 4200 685 4253 dirimit
712 4203 778 4253 solis
828 4203 998 4268 significatio
1021 4203 1056 4253 eh
1078 4202 1210 4254 hocloco
1227 4217 1282 4251 non
1299 4220 1382 4268 pror·

233 4271 373 4333 defectus,
406 4270 476 4320 adeo
502 4274 533 4319 ut
557 4285 655 4334 pacem
681 4273 778 4321 ineant
829 4271 1109 4321 suselienuvidetur.
1141 4270 1383 4336 conchrismph

234 4354 349 4403 eumque
379 4338 491 4389 foedere
515 4343 544 4388 et
567 4344 659 4389 mutuo
683 4355 778 4406 regum
828 4339 1025 4405 Thesmophor.
1042 4338 1186 4390 eeeuoth.
1204 4338 1301 4404 ibique
1321 4340 1382 4390 Ku-
