2984 5154
238 412 279 474 66
671 392 941 458 HERODOTI

193 592 232 651 47
242 584 363 649 ἔδοσαν
380 576 498 665 μοῦνοι
515 570 705 661 νησιωτέων
722 570 770 660 τῷ
786 562 945 657 βαρβάρῳ
962 566 1027 651 νην
1043 590 1080 632 τε
1097 562 1153 631 καί
1170 550 1274 649 ὕδωρ,
1314 548 1381 628 Οὖ-

238 708 290 750 τοι
311 679 373 769 μὲν
396 672 539 755 ἅπαντες
564 669 655 752 ἐντὸς
677 671 847 757 οἰκημένοι
869 667 1080 754 Θεσπρωτων
1103 664 1160 733 καὶ
1191 657 1381 752 Ἀχέροντος

239 782 390 870 ποταμου
413 771 662 867 ἐστρατεύοντο·
700 768 893 859 Θεσπρωτοὶ
910 765 974 857 γάρ
992 772 1057 835 είσι
1073 759 1290 855 ὁμουρέοντες
1306 757 1380 852 Ἀμ-

240 877 438 974 πρακιήτησι
464 879 520 947 καί
539 878 772 961 Λευκαδίοισι,
799 877 834 940 οἳ
857 872 889 953 έξ
918 869 1082 958 ἐσχατέων
1108 867 1243 956 χωρέων
1267 867 1381 954 έστρα-
1488 894 1489 915 ³

239 980 384 1053 τείοντο.
415 982 491 1050 Teio
510 978 548 1047 δὲ
566 973 657 1057 έκτδς
674 971 803 1044 τούτων
819 972 1005 1060 οἰκημένων
1016 970 1244 1058 Κροτωνιῆται
1262 969 1382 1055 μουνοι

239 1073 337 1173 ἦσαν,
355 1089 390 1151 οἰ
406 1078 585 1168 έβῶθησαν
601 1080 644 1167 τῇ
655 1071 787 1147 Ἑλλάδι
799 1068 1046 1162 κινδυνευούσῃ
1064 1075 1123 1158 νηί
1137 1072 1208 1159 μιῇ,
1225 1071 1284 1156 τῆς
1301 1056 1383 1157 ἦρχε
1488 1068 1489 1131 ξ

240 1182 326 1275 ἀνὴρ
350 1185 422 1273 τρὶς
446 1185 647 1267 πυθιονίκης
671 1174 833 1257 Φοίϋλλος.
874 1176 1104 1267 Κροτωνιῆται
1137 1171 1175 1241 δὲ
1197 1173 1293 1260 γένος
1318 1171 1385 1238 εἰσί

240 1381 335 1444 limus,
355 1379 391 1430 ad
409 1393 489 1445 quam
503 1377 783 1442 etiamspectatpro·
836 1373 912 1424 chus.
948 1373 1019 1423 Nam
1030 1369 1125 1421 latiori
1138 1383 1222 1420 seusu
1234 1367 1384 1419 Graeciam
1488 1394 1489 1421 2

240 1450 364 1499 verbium
388 1441 564 1512 σιφνιοὶζειν,
594 1444 628 1494 de
652 1458 704 1509 quo
727 1442 783 1493 vId·
835 1442 880 1491 vel
898 1446 977 1491 extra
994 1440 1045 1489 hos
1068 1438 1199 1489 terminos
1222 1452 1284 1487 esse
1301 1442 1383 1501 puta·
1488 1478 1489 1493 ,

241 1515 484 1580 Paroemiograph.
499 1513 617 1563 Graeco.
629 1528 654 1576 p.
670 1510 726 1561 105.
741 1509 784 1559 ed.
835 1509 917 1571 baut,
942 1508 1148 1573 quibuscunque
1172 1505 1242 1555 locis
1261 1505 1384 1555 Graeco·
1488 1532 1489 1553 ι

243 1583 382 1635 Gaisford.
411 1582 496 1632 Melae
506 1580 598 1630 insula
610 1579 716 1630 ambitu
727 1593 785 1627 ma·
835 1592 893 1626 rum
916 1580 1010 1626 essent
1031 1573 1167 1625 coloniae.
1203 1573 1277 1622 Hinc
1299 1571 1385 1637 paulo
1488 1622 1489 1631 ,

241 1653 284 1703 ior
301 1650 436 1715 simulque
453 1648 587 1710 feracior,
612 1662 693 1712 quam
710 1659 784 1695 nunc
834 1645 952 1694 inferius
971 1643 1149 1693 Crotoniatae
1173 1641 1331 1691 referuntur
1348 1639 1386 1689 ad

240 1723 344 1769 vocant
356 1718 433 1775 Milo,
452 1716 556 1766 Dorica
573 1713 637 1765 olim
655 1713 786 1763 habitata
836 1711 960 1762 Graecos
977 1702 1058 1768 ίντδς
1075 1702 1184 1760 τούτων
1201 1701 1385 1772 οἰκημένους,

241 1787 435 1850 fritigerno,
456 1798 527 1848 quae
541 1782 604 1832 inde
618 1778 784 1832 etiamsem'·
834 1779 997 1829 habitantes
1009 1776 1068 1828 sciI.
1081 1781 1158 1828 extra
1168 1776 1305 1827 Graeciae
1319 1790 1385 1825 con·
1488 1808 1489 1837 r

240 1869 291 1920 per
308 1854 504 1919 Spartanorum
522 1856 617 1914 partes
635 1846 785 1914 amplecte·
835 1848 931 1896 tinuae
944 1846 1024 1907 fines,
1044 1859 1111 1910 quos
1124 1844 1159 1895 ad
1171 1844 1385 1909 Thesprotorum
1487 1892 1489 1901 A

241 1923 336 1981 batur,
355 1920 443 1970 donec
462 1917 535 1967 bello
548 1916 785 1981 Peloponnesiaco
835 1919 937 1963 terram
950 1914 1016 1978 poni
1027 1913 1106 1962 modo
1120 1912 1245 1962 dirimus.
1270 1910 1325 1961 Sed
1338 1926 1386 1961 eo·
1488 1945 1489 1979 χ

241 1988 290 2051 (cf.
303 1986 454 2050 Thucydid.
467 1983 647 2047 V,84seqq.)
666 1984 786 2031 maxima
836 1996 908 2042 rum,
934 1983 980 2046 qui
1003 1982 1077 2030 iutra
1097 1980 1148 2030 hos
1169 1978 1237 2029 fines
1255 1978 1387 2029 habitant
1488 2020 1489 2023 ,

241 2054 394 2104 incolarum
409 2059 488 2117 parte
499 2051 640 2102 trucidata
653 2050 687 2099 ab
700 2049 786 2098 Athe·
837 2047 904 2111 (sada
917 2039 996 2106 ἐντὸς
1006 2041 1186 2113 οἰκημένων),
1199 2047 1314 2097 extremi
1323 2047 1386 2097 aive

241 2121 385 2171 aiensibus
399 2119 490 2170 coloni
502 2118 532 2167 in
544 2116 662 2167 insulam
674 2116 786 2166 deducti
835 2114 926 2165 ultimi
938 2121 1002 2165 eunt
1010 2116 1206 2166 Ambraciotae
1219 2119 1302 2179 atque
1311 2116 1387 2164 Lou—
1488 2158 1489 2183 ,

242 2192 318 2249 suut,
339 2188 385 2252 qui
403 2191 497 2236 tamen
515 2186 568 2249 ipsi
580 2185 662 2249 paulo
675 2189 737 2249 post
749 2184 789 2233 irr-
834 2184 922 2246 ordii,
942 2184 988 2248 qui
1001 2184 1067 2248 ipsi,
1088 2197 1149 2232 cum
1162 2183 1324 2247 Thesprotia
1343 2182 1386 2231 vi·
1488 2226 1489 2253 p

243 2254 405 2306 sulddenuo
418 2253 518 2303 cedere
532 2253 622 2303 coacti
635 2258 706 2302 suut.
735 2252 789 2300 Ne·
834 2251 890 2300 cini
902 2252 966 2313 sint,
981 2266 1016 2300 ex
1028 2249 1132 2300 ultimis
1143 2250 1280 2301 Graeciae
1293 2250 1387 2314 regio·
1488 2300 1489 2308 ,

243 2336 295 2386 que
320 2322 466 2386 pristinum
489 2321 582 2370 florem
609 2333 790 2384 recuperasse
833 2319 914 2368 nibus
938 2318 1085 2368 advenisse
1109 2318 1169 2367 iure
1192 2318 1331 2367 dicuntur.
1351 2343 1386 2352 -
1488 2316 1489 2323 ’

241 2389 351 2440 ridetur
362 2386 466 2445 insula,
486 2402 557 2453 quae
574 2402 646 2437 nunc
665 2389 730 2436 a'c’re
742 2401 789 2450 pe·
830 2376 1060 2451 Ἀμπραιιιήτησι
1070 2386 1169 2451 scripsi
1180 2401 1228 2450 pro
1238 2385 1313 2451 vulg.
1325 2376 1386 2450 Ἀμ-
1488 2436 1489 2449 ,

242 2456 348 2507 stiIcnti
361 2457 478 2505 maxime
497 2453 646 2505 insalubris
659 2469 720 2504 esse
735 2454 789 2503 fcr-
832 2447 950 2517 aporici
957 2458 1163 2519 apramonente
1171 2453 1309 2503 Bredovio
1317 2469 1385 2519 pag.
1488 2452 1489 2463 ¹

241 2528 295 2573 tur.
335 2523 416 2573 θοαί.
435 2525 572 2573 Mannert.
592 2523 667 2573 VIII.
692 2537 718 2586 p.
739 2519 789 2571 736
834 2520 897 2583 168,
915 2528 946 2571 ut
962 2521 1037 2571 inira
1055 2521 1108 2579 IX,
1127 2520 1170 2570 28.
1205 2521 1281 2571 Idem
1300 2520 1386 2571 dedc-
1487 2570 1489 2577 4

242 2606 308 2656 seq„
321 2591 416 2656 Poppo
429 2590 464 2639 ad
474 2589 597 2654 Thucyd.
610 2591 633 2653 I,
646 2590 671 2637 2.
685 2605 711 2654 p.
724 2588 783 2650 277,
836 2593 900 2638 runt
916 2588 1043 2639 Dindorf.
1064 2593 1092 2638 at
1109 2587 1235 2639 Dietsch.
1269 2589 1312 2638 Ad
1327 2589 1386 2638 for·
1488 2590 1489 2599 ’

240 2659 387 2724 Forbiger:
401 2658 511 2708 Handb.
525 2658 551 2707 d.
564 2656 613 2707 alt.
626 2656 784 2723 Geograph.
836 2672 908 2711 mam
921 2648 1075 2721 έβοίθησαν
1086 2657 1142 2707 vid.
1150 2661 1220 2707 nott.
1227 2655 1262 2706 ad
1271 2657 1346 2719 VIII,
1361 2657 1385 2707 I.
1487 2710 1489 2719 4

240 2723 420 2792 111‚p.1028.
452 2725 557 2786 Quibus
570 2725 631 2775 add,
645 2724 784 2774 decretum
869 2721 920 2801 ηῆς
937 2711 1007 2790 ἦρχε
1024 2715 1100 2791 α’νὴρ
1117 2719 1178 2789 τρίς
1195 2723 1384 2790 πυθιονίκης,
1488 2724 1489 2789 j

241 2793 334 2843 delita
346 2794 418 2842 inter
429 2792 528 2843 Melios
541 2797 570 2842 et
582 2792 712 2842 GimeIios
725 2796 786 2842 orta
837 2789 977 2856 Φαύλλος]
990 2792 1058 2842 Cum
1067 2807 1151 2841 unam
1160 2807 1259 2842 navem
1273 2792 1307 2842 ab
1318 2807 1387 2857 opu·
1488 2800 1489 2807 ¹

240 2862 283 2909 in:
306 2860 402 2917 Revue
426 2859 635 2925 d’ArcheoIogie
653 2860 701 2909 XI.
720 2874 783 2924 pag,
835 2858 992 2909 lentissima
1016 2859 1240 2911 crotoniatarum
1267 2859 1386 2911 civitate

239 2927 289 2978 677
308 2940 398 2992 seqq„
426 2927 473 2977 ubi
496 2927 607 2977 adiecta
625 2932 668 2977 est
684 2941 787 2991 mappa
837 2927 953 2977 Graccis
966 2928 1069 2978 anxilio
1086 2929 1199 2979 missam
1213 2942 1387 2993 esseparum
1488 2982 1489 2987 ,

240 2993 443 3059 geographica,
480 3009 550 3059 quac
579 2993 646 3044 Meli
677 2994 786 3044 insulae
836 2995 874 3044 sit
898 2995 1046 3059 credibile,
1069 2998 1130 3046 veri
1152 2995 1183 3045 fit
1206 2996 1385 3059 simillimum,
1488 3004 1489 3057 j

240 3067 324 3126 atque
347 3060 535 3111 adiacentium
558 3060 708 3111 insularum
731 3063 786 3111 unt
836 3063 910 3113 hanc
933 3079 1033 3115 navem
1057 3079 1113 3115 non
1136 3063 1247 3131 publice
1270 3064 1386 3114 misaam
1488 3062 1489 3073 ¹

241 3144 302 3178 cum
315 3128 418 3193 Siphno
435 3127 525 3177 insula
538 3134 697 3178 accuratam
710 3129 785 3178 exhi·
838 3145 915 3194 esse,
943 3132 991 3181 sed
1014 3132 1125 3197 privato
1148 3135 1258 3197 sumptu
1281 3133 1386 3182 instru-

238 3195 521 3246 betdeliucationem.
556 3197 588 3273 In
601 3211 678 3262 seqq.
696 3196 732 3245 ad
746 3197 785 3247 Io·
838 3203 912 3247 ctam
931 3215 948 3248 a
966 3200 1085 3264 Ρλαμλίο,
1110 3200 1157 3265 qui
1174 3199 1325 3259 Graeciae,
1354 3202 1385 3250 in

240 3264 378 3313 ontionem
386 3261 442 3330 γῆν
451 3278 481 3314 τε
493 3258 541 3315 καί
552 3261 630 3330 adop
640 3265 714 3314 conf.
726 3264 784 3313 citt
837 3281 892 3330 qua
914 3271 955 3317 tot
978 3266 1104 3317 victoriis
1132 3271 1239 3318 tantam
1265 3266 1385 3333 gloriam

240 3330 277 3380 ad
288 3331 326 3394 V,
342 3330 383 3383 17.
837 3334 954 3398 adeptus
978 3340 1052 3397 erat,
1077 3335 1261 3401 opitulaturus
1284 3342 1385 3401 sponte

836 3401 980 3452 advenerit
1002 3418 1075 3453 nave
1098 3403 1155 3454 suis
1179 3404 1311 3469 impensis
1333 3420 1384 3469 pa·

414 3498 473 3553 ΟΜ,
499 3501 601 3553 XLVII
834 3474 906 3519 rata.
943 3470 1016 3532 Quin
1028 3471 1140 3522 disertis
1149 3471 1242 3522 verbis
1256 3473 1386 3522 enuntiat

474 3538 481 3553 ⁰
602 3538 609 3551 '
834 3537 1005 3601 Pausanx,
1023 3537 1048 3588 9.
1066 3540 1090 3599 ξ.
1106 3538 1134 3601 l,
1156 3538 1303 3603 Phayllum
1320 3554 1384 3590 cum

275 3587 363 3652 Οὗτοι
375 3594 430 3667 μέν
441 3591 567 3683 ἅπαντες
580 3595 659 3661 tarde
671 3595 783 3668 οἰκημί-
834 3605 928 3655 Persis
945 3620 981 3670 pn
1021 3621 1084 3656 asae
1107 3604 1183 3656 ναῦν
1199 3620 1383 3671 παρασκευα-

170 3704 176 3713 .
239 3683 286 3719 vor
301 3666 476 3734 Θεσπρωτῶν
492 3668 542 3720 καλ
558 3665 714 3737 Αχέροντος
731 3686 781 3721 πο·
835 3664 960 3737 σύμενον
973 3688 988 3725 ο
1002 3671 1156 3726 seleusiae
1169 3672 1245 3725 ναῦν
1257 3667 1384 3727 ἰδιόστο-

238 3734 342 3801 vapori]
365 3738 407 3787 De
426 3738 575 3803 Thesprotia
593 3738 665 3788 coni.
684 3739 721 3797 V,
739 3737 782 3788 62.
835 3740 900 3803 λον,
917 3745 949 3791 ut
965 3742 1065 3791 scribit
1080 3742 1224 3793 Plutarch.
1240 3742 1320 3793 Alex.
1334 3742 1382 3795 34:

239 3804 293 3865 §.7
300 3841 308 3867 ‚
326 3804 376 3854 ubi
388 3806 473 3854 etiam
486 3806 520 3856 de
532 3807 679 3857 Acheronte
691 3806 782 3868 fluvio,
835 3822 905 3872 qnae
924 3808 980 3858 iam
999 3809 1081 3859 attuli
1098 3810 1135 3860 ad
1151 3811 1233 3871 VIII,
1254 3810 1294 3861 17.
1337 3813 1383 3863 De

239 3872 286 3935 qui
297 3886 370 3921 nunc
381 3878 499 3923 vocatur
509 3875 588 3924 Garta
596 3888 619 3927 s,
628 3874 726 3924 fluvius
736 3873 783 3923 Su·
837 3876 938 3941 Ρλομίἰί
944 3878 1070 3928 victoriis
1079 3879 1217 3928 consentit
1224 3879 1384 3930 Pausanias

239 3941 289 3988 liae
302 3938 459 4005 (regionis),
479 3940 612 3991 nonnulla
630 3941 782 3993 attulimus.
834 3942 882 3992 1.1.
901 3947 990 4010 Atque
1002 3950 1093 3995 exstat
1100 3947 1130 3995 in
1139 3960 1200 3996 eum
1210 3948 1253 4012 ep'
1276 3962 1384 3998 ramma

237 4005 399 4056 Tenendum
410 4023 476 4059 vero
489 4015 544 4070 eat,
562 4008 698 4059 Graeciae
716 4008 784 4060 fines
835 4012 864 4059 in
876 4011 1024 4079 Antholog.
1036 4012 1129 4064 Palat.
1139 4015 1248 4080 T.11.p.
1293 4014 1315 4066 I.
1328 4016 1382 4066 III.

237 4071 321 4138 vulgo
340 4074 375 4124 ad
391 4075 566 4126 Ambraciam
589 4078 668 4142 poni,
694 4092 712 4126 a
730 4092 785 4142 qua
834 4094 861 4143 p.
871 4077 929 4130 949.
947 4080 1026 4146 Apud
1037 4080 1249 4147 Aristophanem
1257 4082 1383 4134 Acheru.

236 4140 303 4190 inde
322 4140 467 4193 Graeciam
489 4144 578 4209 ipsam
601 4160 622 4194 s.
644 4146 783 4211 propriam
834 4145 886 4195 210
897 4147 1000 4212 (Both.)
1012 4149 1094 4215 Vesp.
1109 4148 1176 4200 1206
1188 4152 1235 4215 qui
1247 4166 1383 4201 memora-

238 4207 358 4258 exordiri
370 4209 495 4260 scribunt
507 4211 608 4276 Scylax
619 4214 644 4274 5.
653 4211 696 4263 33.
709 4230 735 4277 p.
752 4212 783 4262 12
833 4217 878 4263 tur
906 4216 1029 4279 Ρλαμῑίαε
1058 4232 1152 4269 cursor
1182 4216 1382 4270 celeberrimus

237 4275 325 4325 Huds·
337 4292 364 4342 p.
374 4276 424 4327 255
437 4277 509 4328 Gail.
522 4279 612 4345 (quem
625 4281 720 4331 vidia
733 4296 782 4331 an·
834 4282 1171 4348 idemque‚utflcholiasta
1179 4286 1273 4347 tradit,
1282 4279 1382 4353 Ὀλνρ

236 4347 325 4396 notat.
336 4360 400 4411 pag.
410 4344 539 4411 377577)
552 4353 635 4413 atque
647 4349 781 4399 Dicaear·
832 4348 980 4417 πιονίιιης,
1005 4352 1041 4402 ab
1060 4353 1113 4404 hoc
1130 4352 1307 4419 Crotoniata‚
1333 4356 1381 4421 qni
