2952 5156
432 385 640 447 URANIA.
665 387 755 446 VIII.
776 396 820 450 et.
841 397 884 450 85.

1167 394 1226 457 127

90 560 146 644 τῆς
168 562 354 645 ναυμαχίης
378 558 537 643 γενέσθαι
560 553 621 643 τὴν
644 552 767 646 ἀρχὴν,
795 561 972 646 Αἰγινῆται
997 560 1034 628 δὲ
1061 557 1122 647 τὴν
1147 557 1229 629 κατὰ

90 655 164 737 τούς
188 663 353 738 Αἰακίδας
376 653 640 753 ἀποδημήσασαν
664 661 696 738 ἐς
723 668 881 747 Αίγιναν,
917 657 1041 747 ταύτην
1059 660 1144 729 εἶναι
1167 657 1229 748 τὴν

89 756 242 849 ἄρξασαν.
261 761 403 846 Λέγεται
423 758 460 827 δὲ
477 760 533 827 καὶ
550 755 646 846 τάδε,
665 754 710 839 ὦς
724 758 839 848 φάσμα
855 781 916 849 σφι
933 758 1091 848 γυναικὸς
1110 759 1227 851 ἐφάνη,

90 875 254 949 φανεῖσαν
277 860 315 929 δὲ
334 857 632 947 διακελεύσασθαι,
657 856 813 930 ὥστεκαὶ
836 857 926 931 ἅπαν
943 858 1084 932 οἰκοῦσαι
1107 860 1144 933 τδ
1161 866 1229 932 τῶν

88 956 251 1049 Ἑλλήνων
275 959 515 1051 στρατόπεδον,
550 956 766 1031 ὀνειδίσασαν
789 961 950 1051 πρότερον
979 961 1072 1033 τάδε·
1095 952 1135 1035 ‘a
1159 970 1228 1035 δαι·

89 1061 211 1152 μόνιοι,
236 1064 330 1152 μέχρι
348 1059 451 1133 νόσον
475 1068 521 1131 ἔτι
539 1060 696 1153 πρύμνην
716 1058 964 1153 ἆνακοούεσδες
988 1061 1082 1135 Κατὰ
1099 1065 1160 1155 μὲν
1186 1063 1274 1153 δὴ85

89 1160 284 1251 Ἀδηναίους
303 1162 474 1252 ἐτετάχατο
487 1171 657 1245 Φοίνικες·
677 1153 769 1234 οὗτοι
786 1162 851 1252 γὰρ
869 1165 959 1255 εἶχον
975 1163 1012 1235 τό
1030 1162 1111 1259 πρὸς
1122 1163 1228 1241 'atto

89 1264 178 1347 σῑνός
200 1292 241 1334 τε
263 1267 319 1334 καὶ
340 1268 480 1353 ἑσπέρης
503 1268 616 1352 κεόας·
643 1261 725 1335 κατὰ
744 1266 781 1335 δὲ
798 1273 1084 1357 Λακεδαιμονίους
1097 1265 1227 1349 Ἴωνες·

88 1355 175 1436 οὗτοι
191 1362 228 1436 δ’
248 1365 338 1456 εἶχον
356 1362 392 1435 ni
410 1363 491 1456 πρὸς
508 1363 571 1453 τὴν
588 1362 639 1453 ἠῶ
655 1393 691 1435 τε
714 1370 770 1437 καί
787 1365 846 1437 τὸν
862 1373 1030 1459 Πειραιέα.
1073 1368 1229 1441 ἐθελοκά-

88 1563 257 1615 Saiamincm
269 1565 424 1627 commissa,
438 1563 473 1617 ad
486 1578 566 1629 quam
579 1579 633 1613 me·

88 1632 136 1681 lius
152 1631 368 1698 intelligendam
390 1632 544 1682 inserviunt
564 1630 633 1680 dcii·

88 1700 246 1760 acationcs,
272 1714 340 1764 quaa
358 1699 435 1749 dedit
451 1698 523 1750 Gail.
544 1698 631 1749 tabul.

88 1766 125 1817 21.
142 1767 175 1816 ²2
197 1769 230 1816 in
253 1782 351 1832 opere:
381 1765 461 1816 Atlas
484 1771 634 1816 contenent

86 1850 134 1901 par
145 1835 228 1885 ordre
242 1834 293 1885 des
302 1839 391 1900 temps
403 1834 444 1884 les
456 1838 548 1884 cartas
560 1832 632 1884 rele-

86 1902 154 1953 tim
177 1902 196 1952 h
222 1901 252 1952 ia
268 1900 439 1966 geographie
455 1901 632 1963 d'Hercdote‚

86 1969 263 2034 Thucydide,
277 1968 430 2034 xenophon
442 1973 511 2030 etc.;
530 1968 592 2019 coll.
605 1985 632 2034 p.

87 2037 116 2084 27
126 2037 254 2100 Anaiyse
267 2037 316 2086 dea
329 2042 430 2088 cartes.
459 2036 551 2086 Aliam
564 2036 634 2085 deli-

87 2106 246 2156 neationcm
260 2104 368 2154 addidit
380 2103 476 2154 Leake
490 2105 518 2153 tn
531 2104 634 2154 tab.IV

82 2166 172 2236 'operi't
183 2174 243 2222 Dia
253 2173 361 2222 Demea
371 2187 427 2222 von
432 2171 541 2229 atticen
553 2172 632 2222 item-

80 2234 244 2304 'qchrotez
258 2239 374 2303 History
383 2238 632 2290 oiGrecoeVei.V.

138 2344 145 2356 .
160 2308 222 2370 174,
236 2307 290 2356 Kie
312 2311 367 2357 ert:
377 2306 459 2357 Atlas
469 2321 524 2358 von
535 2306 634 2357 Hellas

88 2382 97 2436 t
118 2375 215 2426 erulis.
234 2373 245 2424 1
301 2373 633 2437 )tab.X1V‚thelar:

89 2442 254 2520 Gsognphy
267 2442 300 2492 oi
308 2440 442 2491 Herodct.
454 2457 518 2508 pag.
533 2439 591 2492 169.

8 2528 10 2533 ’
118 2525 223 2576 wopa
241 2522 294 2574 σφι
310 2501 446 2574 γυναικὸς
465 2499 571 2575 ipsis-n]
590 2510 633 2559 De

88 2593 151 2630 socc
174 2569 282 2644 φάσμα
303 2577 359 2627 vid.
376 2581 446 2627 nott.
470 2577 505 2627 ad
521 2577 571 2639 Vl,
590 2575 633 2628 69.

89 2648 124 2696 Λα
134 2646 206 2697 satia
218 2645 376 2712 probabile,
390 2643 510 2710 intelligi
523 2644 569 2694 hic
581 2644 632 2694 Mi·

8 2730 10 2743 *
89 2730 175 2764 mae
193 2718 247 2764 aut
259 2712 333 2763 alius
345 2713 467 2762 cuiusvis
482 2713 552 2762 deae
564 2714 633 2762 ima·

91 2781 188 2845 ginem,
217 2795 292 2845 quac
309 2779 426 2830 Graecis
447 2779 634 2845 pugnantibus

90 2850 250 2915 apparuerit
267 2862 371 2912 casque
389 2847 425 2898 ed
441 2863 561 2913 pugnam
573 2862 633 2898 ver·

90 2916 128 2967 aa
144 2912 338 2983 compellarit,
356 2915 451 2980 qualia
467 2915 497 2965 in
508 2915 634 2965 Homeri·

91 2985 127 3033 eia
136 2985 196 3050 legi
208 2999 293 3034 nemo
304 2983 404 3033 nescit
428 2983 462 3033 ln
473 2997 503 3032 se
524 3019 531 3033 .
545 2982 633 3033 eh'lo·

92 3054 209 3114 noune,
232 3051 298 3101 aliis
309 3051 374 3101 dedi
384 3044 418 3100 τδ
428 3049 485 3100 τοῖν
492 2999 634 3116 ‘Istisne

91 3114 297 3183 στρατόπεδον,
322 3118 475 3194 ubi'vulgo
497 3110 530 3168 τὸ
551 3131 633 3181 στρα-

91 3182 211 3238 τόπεδον
228 3185 287 3236 τῶν
304 3177 459 3250 ‘attam
485 3186 555 3250 quod
572 3201 634 3237 cum

92 3253 241 3306 Schaetcro
259 3254 374 3303 retinuit
388 3253 535 3304 Matthiae.
570 3254 635 3319 Ipsa

91 3325 224 3374 orationis
235 3326 375 3371 structura
386 3321 516 3371 similiter
526 3321 635 3372 variata

92 3395 170 3455 atque
183 3390 263 3452 vul,
280 3387 340 3450 1183
358 3403 422 3438 nam
435 3389 548 3439 verbum
560 3385 634 3452 λέγε-

92 3472 134 3507 ται
158 3459 275 3523 primum
299 3457 406 3521 exeipit
432 3456 571 3522 particula
596 3448 635 3514 sic

93 3540 149 3575 eum
162 3526 248 3577 uerbo
262 3524 348 3588 finito,
362 3529 418 3574 tum
431 3540 497 3575 vero
511 3526 541 3573 in
552 3539 634 3574 accu-

93 3595 208 3643 sativum
221 3598 250 3643 et
262 3591 427 3642 infinitivum
439 3593 529 3642 oratio
543 3596 633 3641 traus-

93 3660 123 3709 it
156 3661 198 3711 Δδ
217 3660 335 3710 eandem
354 3675 453 3710 sensus
469 3666 635 3710 structuram

94 3727 157 3777 iliud
173 3743 281 3793 quoquc
297 3729 434 3793 pertinet,
452 3728 522 3793 quod
539 3743 635 3778 vocem

95 3788 192 3860 φάσμα
214 3789 352 3860 γυναικὸς
375 3796 501 3860 sequitur
522 3796 635 3860 partiei-

94 3864 164 3927 pium
184 3865 336 3928 φανεῖσαν.
377 3863 431 3913 Sed
457 3862 526 3913 talia
549 3863 635 3913 nemi·

95 3944 162 3992 nem,
175 3946 264 3996 spero,
279 3930 429 3984 offendent.
446 3930 526 3981 θοαί.
540 3932 633 3992 etiam,

96 4012 162 4061 quae
177 4014 239 4050 mox
256 3999 292 4048 ad
305 4014 369 4063 cap.
381 3996 415 4048 86
432 3996 584 4048 afferuntur
601 3999 636 4049 si·

96 4066 177 4116 inilia.

126 4123 311 4186 ὀνειδίσασαν
321 4128 463 4199 πρότερον
474 4127 558 4200 τάδε]
577 4134 596 4184 i.
611 4149 635 4184 e.

96 4209 220 4268 postqum
238 4205 314 4268 prun
332 4204 441 4253 Graecis
457 4203 520 4253 baec
537 4218 635 4266 eupro-

97 4266 199 4321 δεινοί.
235 4271 433 4321 Ρήοααιιοοὶαι
450 4268 500 4319 illa
513 4270 637 4320 mulieris

97 4339 198 4400 species
220 4339 339 4389 Graccis
367 4338 516 4403 segnitiem
544 4353 637 4403 expro-

684 1564 791 1629 bravit,
816 1568 969 1631 quaternis
987 1568 1163 1630 inhibebant,
1185 1570 1229 1618 de·

683 1634 742 1682 inde
755 1648 820 1683 vere
833 1649 880 1684 eos
893 1634 1039 1685 exhortata
1052 1642 1107 1695 est,
1120 1641 1151 1685 ut
1163 1636 1228 1685 torti

685 1704 713 1750 et
726 1700 874 1750 confidenti
888 1703 979 1751 animo
997 1703 1025 1752 in
1037 1703 1131 1752 hostes
1144 1704 1229 1752 irrue·

683 1772 755 1816 rent.
790 1768 858 1818 Inde
875 1774 973 1833 sponte
990 1771 1111 1835 patebit,
1130 1764 1228 1834 πρότε-

685 1850 736 1898 ρον
752 1833 827 1884 haud
843 1838 943 1886 mutari
961 1852 1042 1902 posse
1060 1838 1088 1886 in
1100 1830 1229 1900 πικρότε-

684 1916 736 1964 ρον
754 1907 802 1952 aut
819 1896 1049 1968 προθυμότερον,
1069 1913 1100 1953 ut
1116 1904 1229 1954 Reishio

685 1975 803 2019 venerat
814 1971 842 2019 in
855 1978 982 2023 mentem.
1001 1973 1043 2022 Ad
1057 1988 1152 2022 vocem
1166 1970 1229 2023 δαι-

684 2032 780 2101 μόνιοι
805 2040 877 2089 conf.
902 2046 970 2089 nott„
996 2040 1031 2090 ad
1055 2041 1107 2101 lv,
1130 2038 1178 2090 126
1201 2044 1230 2089 et

686 2105 753 2169 vn,
767 2104 809 2155 ιε.

848 2274 915 2325 Cae.
934 2276 1068 2328 LXXXV.

718 2366 792 2424 κατὰ
810 2367 863 2439 μὲν
882 2370 918 2441 δὴ
935 2365 1113 2442 Ἀθηναίους]
1134 2380 1153 2428 i.
1172 2393 1229 2429 ee

684 2443 1230 2563 ”W’'iiiii‘'“iiiissi’iii‘bsii

683 2525 871 2639 fissum.
884 2548 927 2628 ei.
942 2578 985 2629 ιο.
998 2577 1040 2629 71.
1074 2549 1230 2628 an’vocem

684 2637 774 2761 :itti
783 2644 1230 2764 “iiiii¹i¹030⁷3i1ipiii¹¹0¹i0i¹³ii‘

687 2778 727 2840 18,
746 2780 931 2831 Athenienses
943 2782 1102 2831 Laconibus
1114 2750 1230 2846 iungens,

686 2851 714 2895 et
726 2851 856 2912 utrosque
869 2849 986 2901 navibus
998 2848 1167 2899 Phoenicum
1184 2866 1230 2914 op·

685 2929 798 2980 ponens.
842 2916 948 2966 Navem
972 2917 1152 2967 Phoenicium
1176 2918 1229 2981 pri-

685 2997 757 3031 mam
770 2982 870 3045 tuisse,
891 2985 921 3033 in
936 3000 1017 3048 qnam
1030 2985 1139 3034 Graeca
1150 2985 1230 3034 navis

685 3049 792 3099 irruens
804 3066 914 3115 pugnae
926 3052 1034 3103 initium
1048 3052 1160 3112 fecerit,
1175 3057 1230 3101 tra-

677 3115 725 3166 ·dit
737 3117 890 3193 Aeschylus
902 3119 993 3170 Persa.
1005 3118 1057 3168 416
1072 3120 1114 3169 ed.
1129 3119 1228 3169 Biomi.

719 3175 752 3233 τὸ
769 3200 841 3247 τινος
858 3178 911 3251 τὴν
927 3176 970 3251 ἠοῖ
987 3201 1017 3237 τε
1035 3182 1085 3237 καὶ
1101 3180 1151 3236 τὸν
1164 3185 1231 3236 Πει·

686 3245 780 3317 posia]
787 3254 982 3304 accusativum
992 3255 1037 3304 hie
1043 3254 1144 3303 Noster
1152 3270 1231 3318 prae-

686 3319 816 3383 positioni
834 3320 984 3384 adstruxit‚
1003 3322 1048 3370 cui
1064 3320 1147 3386 paulo
1165 3326 1231 3370 ante

685 3387 838 3450 genitivum
861 3389 1018 3451 adiecerat,
1043 3394 1114 3437 teste
1131 3388 1230 3437 Matth.

687 3456 733 3503 (it.
753 3455 799 3504 Gr.
817 3456 841 3515 §-
860 3455 922 3517 5911,
937 3471 964 3506 α.
977 3473 1003 3521 γ.
1038 3455 1081 3504 Tu
1098 3456 1172 3505 cont.
1192 3455 1231 3504 al·

686 3520 745 3571 lata
762 3522 798 3571 ad
817 3523 867 3583 tv,
883 3522 939 3573 122.
975 3522 1017 3573 Ad
1034 3523 1146 3572 verbum
1165 3514 1232 3574 ἔθε-

687 3581 827 3641 λοκοὶιιεον
835 3590 890 3640 vid.
902 3590 990 3641 allata
999 3590 1035 3640 ad
1044 3591 1078 3653 V,
1084 3591 1130 3652 783
1143 3592 1231 3656 ipsam

686 3657 766 3707 verbi
780 3658 909 3720 sormam,
923 3673 1004 3723 quam
1016 3659 1144 3708 Dindort.
1157 3674 1231 3708 eum·

687 3739 740 3802 que
769 3731 881 3801 sequtus
904 3726 1030 3776 ltietsch.
1055 3727 1174 3777 mutavit
1202 3728 1232 3775 in

686 3791 898 3857 ηδελοκαιιεον,
923 3795 1057 3843 Intactam
1075 3794 1231 3858 relinquere

687 3859 785 3921 malui,
804 3861 841 3910 ci.
854 3860 971 3912 Bredov.
991 3877 1017 3926 p.
1031 3858 1082 3910 318
1096 3862 1158 3912 coli.
1175 3860 1231 3910 117.

688 3927 780 4006 Verba
800 3920 874 3981 κατὰ
895 3921 945 3987 τοὶς
964 3924 1168 3994 Θεμιστοκλέος
1188 3919 1231 3979 ἐν·

687 3995 773 4054 τοίας
782 3995 810 4059 (i.
823 4012 847 4047 e.
856 3999 990 4046 secundum
1003 3997 1172 4047 Themistoclis
1181 4013 1231 4046 mo·

687 4066 743 4112 atta
765 4077 787 4112 s.
806 4068 836 4112 ut
856 4063 1056 4114 Themistoclea
1078 4063 1232 4127 monuerat)

689 4130 822 4181 excitavit
833 4131 968 4181 Matthiae
983 4131 1029 4181 Gr.
1040 4132 1086 4182 Gr.
1099 4134 1122 4193 5.
1134 4131 1183 4181 ost
1197 4133 1231 4182 oh

688 4212 765 4247 usum
777 4200 993 4263 praepositionis
1009 4194 1096 4257 κατοίς
1114 4205 1145 4248 tu
1158 4200 1230 4250 conf.

688 4264 826 4327 v11,178.
861 4267 987 4330 Respicit
1005 4272 1098 4317 autem
1110 4266 1232 4316 Herodo-

688 4337 732 4382 tus
746 4332 780 4383 ad
799 4349 847 4394 aa,
865 4349 935 4398 quaa
948 4335 1029 4397 VIII,
1043 4333 1077 4385 69
1088 4334 1133 4384 fin.
1148 4333 1231 4385 tradi-
