2834 5142
139 396 143 407 '
230 423 291 484 496
639 419 956 482 aomrunuamu

231 609 263 644 eo
279 590 473 643 discedendum
493 591 648 660 putavimus
665 592 813 661 praecipue
829 593 857 645 iu
873 594 922 661 iis,
946 612 1019 664 quae
1035 595 1070 648 ad
1083 594 1183 647 formas
1197 593 1299 647 lonicae
1311 591 1346 646 rel

230 676 323 747 potius
334 674 507 727 Herodoteae
520 675 629 729 dialecti
644 686 718 729 recte
734 678 901 731 exhibendas
917 680 1072 748 pertinent,
1096 678 1215 732 virorum
1225 679 1347 731 doctorum

231 760 332 814 studiis
348 761 376 811 in
399 761 448 813 hac
466 778 495 814 re
512 762 612 831 positis
631 760 741 815 meliora
756 763 845 815 edocti
861 763 980 834 indeque
994 765 1167 831 Belleram,
1187 764 1348 826 Dindorliun,

232 845 411 913 Bredovium,
432 846 501 898 alios
521 846 592 899 haud
607 865 670 900 raro
687 847 785 901 secuti.
826 849 996 918 Quamquam
1011 850 1082 902 enim
1101 866 1198 902 novam
1214 855 1301 901 textus
1314 866 1349 901 re-

232 931 387 983 censionem
403 931 573 983 constituere
585 932 692 986 minime
706 933 786 985 nobis
801 942 861 986 erat
874 936 1061 1004 propositum,
1080 943 1169 986 tamen
1183 933 1349 987 emendatiore

232 1015 360 1068 exhibere
380 1016 516 1069 voluimus
530 1015 664 1070 Herodoti
685 1019 783 1086 verba,
811 1018 967 1072 difficiliora
984 1019 1138 1090 explicere,
1164 1036 1242 1071 usum
1256 1016 1350 1071 dicendi

231 1100 387 1166 illustrare,
409 1109 598 1168 argumentum
613 1120 751 1172 exponere
767 1111 796 1156 et
811 1103 926 1157 clariore
940 1105 969 1157 in
984 1105 1044 1158 luce
1061 1104 1209 1157 collocare:
1236 1120 1288 1174 quo
1301 1110 1350 1153 tan

233 1185 292 1238 dem
314 1185 349 1239 de
369 1186 513 1255 scriptoris
529 1186 584 1239 fide
599 1204 745 1259 rerumque
764 1189 925 1242 traditarum
946 1191 1111 1243 auctoritate
1132 1190 1202 1242 satis
1217 1192 1350 1242 coristaret

234 1271 316 1323 Cous.
333 1288 404 1341 quae
420 1271 449 1322 in
464 1270 639 1325 Praelatione
657 1273 774 1326 diximus
790 1273 851 1329 Vol.
870 1276 892 1326 l.
908 1293 936 1344 p.
953 1274 977 1326 ll
991 1293 1050 1344 seq.

317 1356 386 1409 Inde
400 1356 521 1408 Belleri
540 1357 624 1409 editio
649 1358 692 1411 hic
710 1360 940 1412 commemoranda
962 1359 1021 1411 sola
1036 1359 1171 1412 Herodoti
1191 1358 1276 1411 verba
1289 1354 1352 1409 exhi·

234 1441 302 1495 heus
324 1441 492 1511 („Herodoti
514 1442 547 1494 de
568 1442 639 1495 bello
654 1443 766 1497 Persico
788 1444 851 1496 libr'i
866 1444 914 1500 lX.
953 1444 1126 1513 Recognovit
1141 1445 1287 1499 immanuel
1299 1441 1351 1494 aa·

233 1526 352 1594 lter-w),
368 1544 439 1597 quae
454 1526 566 1595 primurn
582 1528 685 1598 prodiit
698 1534 859 1599 stereotypa
876 1529 998 1581 Berolini
1014 1532 1091 1584 1833.
1107 1532 1138 1595 8,
1156 1528 1256 1582 deinde
1269 1524 1354 1597 passim

235 1613 330 1665 relicta
343 1612 409 1664 ibid.
430 1615 504 1683 1845.
539 1612 640 1665 Secuta
655 1621 713 1680 est,
734 1631 813 1684 quam
829 1631 914 1683 supra
928 1615 980 1668 iam
995 1614 1212 1680 commemoravi,
1234 1607 1353 1665 Diodorlii

236 1697 319 1751 editio
340 1699 391 1749 hoc
408 1698 461 1749 sub
480 1697 575 1751 titulo:
605 1699 765 1765 „Herodoti
779 1698 963 1752 Historiarum
983 1699 1046 1752 libri
1064 1700 1111 1752 lx.
1152 1696 1317 1767 Recognorit
1331 1700 1354 1745 et

235 1783 483 1835 commentationem
494 1782 528 1834 de
540 1782 655 1835 dialecto
667 1783 801 1837 Herodoti
812 1784 952 1853 praemisit
965 1787 1110 1840 Guilelmus
1121 1784 1281 1854 aaronem.
1300 1779 1352 1830 Cle

133 1919 135 1925 ,
236 1868 293 1920 siae
303 1867 396 1920 Cnidii
413 1877 441 1920 et
456 1868 747 1937 chronographorum,
770 1868 913 1937 Castoris,
937 1870 1133 1923 Eratosthenis
1149 1868 1354 1937 marrignana

235 1954 430 2006 dissertatione
442 1962 472 2005 et
487 1953 559 2005 notis
571 1951 709 2006 illustrata
723 1972 739 2006 a
751 1954 851 2006 Carolo
866 1953 1010 2008 Muellero.
1038 1956 1144 2007 Graece
1160 1962 1189 2007 et
1200 1954 1295 2008 Latine
1308 1964 1354 2001 cun

236 2036 382 2091 indicibus.
405 2038 521 2090 Parisiis
537 2040 613 2091 1844.
635 2039 708 2108 apud
729 2038 816 2091 Didot
838 2041 961 2093 tratres“
981 2040 1009 2092 in
1026 2041 1105 2093 torm.
1127 2040 1181 2092 lex.
1198 2043 1226 2093 8.
1261 2038 1354 2103 nequ

236 2124 356 2177 editione
379 2122 440 2177 olim
461 2123 514 2175 tuli
534 2122 663 2176 iudicium
684 2124 727 2175 in:
750 2125 864 2177 Jahrbb.
881 2125 926 2177 fur
939 2124 1072 2192 Philolog.
1091 2141 1118 2177 u.
1134 2123 1289 2193 Paedagog.
1306 2116 1353 2169 Vel·
1401 2096 1402 2159 l

236 2207 332 2261 XLVI.
349 2225 411 2278 pag.
427 2211 480 2263 392
495 2226 572 2277 seqq.
591 2209 757 2278 multumque
772 2227 812 2262 me
830 2209 865 2262 ed
878 2209 906 2261 in
922 2208 1056 2261 Herodoti
1071 2210 1164 2262 verbis
1183 2210 1282 2263 iterum
1294 2201 1353 2259 exli·

236 2292 334 2346 bandis
354 2293 476 2346 adiutum
494 2311 557 2345 esse
573 2301 672 2362 gratus
692 2295 833 2364 profiteor.
873 2293 1021 2347 Praeterea
1039 2294 1081 2346 hic
1096 2294 1261 2347 nominanda
1280 2297 1318 2345 eat
1331 2303 1355 2340 ee
1401 2320 1402 2345 l

237 2378 335 2445 editio,
360 2395 439 2449 quam
453 2382 607 2432 Alexander
620 2381 720 2451 Negris
734 2380 843 2431 curavit
859 2379 1029 2450 Graecisque
1044 2379 1118 2450 notis
1139 2378 1273 2433 iustruxit
1285 2373 1354 2428 uus·
1401 2400 1402 2453 1

237 2467 318 2532 burg.
336 2467 412 2519 1833.
430 2457 639 2535 (Ἡροδότου
654 2466 705 2519 τοῦ
715 2457 1006 2533 Ἆλικαρνησοῆος
1020 2461 1148 2532 ἱστοριῶν
1162 2459 1244 2534 λόγοι
1256 2453 1355 2532 δ’,ἓτο
1401 2472 1402 2549 1

237 2543 407 2619 γραφόμενοι
422 2550 581 2604 Μοῦσαι·
602 2543 654 2603 oria
664 2547 874 2620 προλεγομένοις
884 2547 933 2602 aul
947 2543 1141 2621 σημειώσεων,
1154 2542 1310 2606 ἐκδιδόντος
1319 2537 1356 2596 *tl
1401 2584 1402 2609 1

237 2636 420 2704 διορθοῦντος
430 2627 607 2703 Ἀλεξάνδρου
618 2632 726 2705 Νέγρηι
749 2634 805 2688 vid.
817 2634 994 2702 Heidelberg.
1010 2635 1124 2687 Jahrbh.
1140 2635 1167 2687 d.
1180 2634 1279 2688 Litter.
1295 2630 1355 2683 latt
1401 2646 1402 2657 ¹

238 2738 280 2773 nr.
298 2722 341 2774 28.
360 2738 386 2788 p.
401 2723 453 2774 4114
468 2720 514 2787 11.)
529 2720 647 2791 itemque
663 2722 729 2774 1843
750 2719 829 2789 (with
845 2706 1031 2773 emendations
1046 2720 1084 2786 by
1099 2720 1256 2773 Alexander
1270 2711 1355 2782 Negrlt

238 2804 292 2857 end
309 2822 326 2856 a
341 2804 403 2857 Life
418 2806 450 2857 ot
462 2804 621 2857 Herodotus
639 2806 675 2873 by
690 2805 725 2857 K.
743 2804 778 2856 Ο.
796 2804 946 2871 Maedos).
973 2803 1076 2857 uvou.
1094 2804 1122 2857 in
1138 2808 1165 2858 8.
1185 2813 1216 2857 et
1235 2797 1355 2861 eaeditlt,
1401 2858 1402 2877 ,

239 2889 351 2959 quaein
366 2888 394 2940 N
397 2905 447 2941 ova
461 2889 583 2941 America
597 2889 713 2959 prodiit:
729 2889 889 2942 Herodotus
903 2891 972 2941 from
989 2889 1035 2941 the
1050 2895 1110 2942 text
1124 2891 1156 2941 of
1163 2886 1356 2955 Schweighaeu·
1401 2934 1402 2979 1

239 2991 298 3040 ser,
323 2972 389 3025 with
404 2973 521 3042 English
540 2981 629 3027 notes.
674 2975 775 3028 Edited
796 2975 832 3041 hy
856 2977 885 3029 C.
904 2978 934 3029 S.
953 2976 1083 3029 Wheeler.
1112 2973 1231 3027 Baeton.
1248 2965 1356 3026 lasau
1401 2992 1402 3015 1

239 3064 255 3112 2
275 3057 343 3115 Voll.
364 3061 390 3113 8.

324 3144 403 3207 Quae
419 3141 542 3216 reliquae
556 3150 652 3197 nostra
664 3148 755 3197 aetate
770 3144 934 3213 prodierunt
944 3143 1079 3198 Herodoti
1093 3143 1248 3209 editiones,
1265 3157 1310 3194 eae
1321 3142 1358 3188 ¹¹¹1

241 3230 347 3282 Graeca
362 3230 447 3282 verbe
463 3228 521 3281 sola
536 3237 585 3281 aut
599 3229 700 3282 additis
720 3229 882 3301 quibusdam
898 3229 972 3282 notis
988 3229 1127 3282 exhibant.
1164 3228 1306 3282 Pertiueat
1317 3223 1358 3273 huc

240 3314 374 3367 editiones
389 3332 405 3367 a
422 3317 455 3369 G.
469 3316 504 3367 H.
518 3316 658 3385 selaeseu
674 3321 785 3367 curatae
801 3314 879 3384 Lips.
897 3316 964 3368 18111
978 3313 1051 3383 apud
1067 3313 1184 3381 Weigel.
1203 3314 1245 3365 lll
1261 3308 1324 3361 Voll.
1337 3312 1358 3355 et

241 3401 318 3470 Lips.
334 3403 401 3454 1822
417 3400 490 3469 apud
505 3400 684 3453 Schwicltert.
701 3402 744 3465 8.,
769 3402 789 3452 l.
807 3402 837 3457 B.
857 3400 937 3453 Gellii
953 3398 1055 3467 (Paris.
1075 3400 1152 3452 1821.
1174 3399 1202 3450 ll
1218 3395 1313 3461 Vult),
1331 3390 1356 3441 G·

241 3486 409 3539 Stallhaumii
423 3485 516 3556 (Lips.
531 3487 608 3538 1825.
622 3485 665 3537 ΙΠ
675 3484 780 3537 Tomm.
799 3485 850 3555 8.),
867 3489 900 3539 A.
914 3485 1048 3539 Matthiae
1061 3488 1146 3555 (quae
1161 3484 1214 3535 hoc
1228 3482 1279 3535 sub
1293 3474 1357 3530 titul⁰

241 3569 269 3622 in
287 3569 372 3624 lucem
388 3571 486 3623 emissa
501 3578 558 3622 est:
580 3569 734 3637 „Herodoti
749 3569 855 3641 Musae.
888 3570 957 3623 Cum
971 3570 1049 3622 brevi
1065 3575 1188 3622 annotat.
1204 3566 1289 3620 critic.
1301 3563 1356 3625 lue·

242 3655 374 3708 Matthiae
390 3664 418 3708 et
431 3655 517 3707 Henr.
536 3654 651 3724 hpetzii.
672 3655 749 3724 Lips.
768 3658 843 3708 1825.
862 3655 899 3707 Il.
913 3654 983 3711 Voll.
1002 3654 1058 3720 8.),
1077 3656 1107 3717 Q.
1119 3657 1153 3709 A.
1165 3652 1273 3724 Stegeri
1284 3645 1357 3720 („ll÷

243 3740 332 3793 rodoti
352 3740 460 3793 Musae.
497 3739 649 3792 Recensuit
669 3746 698 3791 et
717 3740 895 3792 annotatione
916 3740 943 3791 in
967 3755 1045 3791 usum
1065 3738 1218 3791 scholarum
1244 3725 1357 3788 usuum

243 3825 276 3877 C.
289 3826 320 3879 A.
331 3825 439 3893 Steger.
463 3825 555 3877 Giess.
577 3827 652 3878 1826.
675 3824 717 3876 Ill
733 3824 836 3877 Tomm.
857 3826 927 3895 8.“),
946 3826 994 3878 Fr.
1011 3823 1108 3876 Palmia‘
1119 3818 1284 3893 („Herodoti
1296 3814 1355 3869 Hie&

243 3910 306 3962 libri
325 3909 372 3961 lx.
410 3910 522 3963 Accedit
548 3907 657 3962 libellus
680 3910 714 3961 de
736 3908 793 3961 vita
814 3909 925 3961 Homeri
946 3917 974 3961 et
996 3908 1078 3960 index
1098 3907 1256 3959 historicus.
1292 3900 1356 3953 Non

243 3995 308 4048 edit.
325 4002 492 4064 stereotypa.
533 3993 651 4046 curavit
664 3993 825 4047 Fridericus
839 3992 921 4046 Palm.
944 3993 1056 4062 Lipsiae
1072 3992 1145 4062 apud
1163 3992 1197 4044 C.
1212 3982 1356 4042 Tracheia·

245 4079 336 4151 [1815]
354 4081 420 4134 1833
436 4086 464 4131 et
479 4082 555 4132 1855.
578 4079 620 4130 111
634 4078 705 4131 Voll.
721 4078 779 4145 8.),
801 4079 920 4148 itemque
936 4076 1085 4146 Anglorum
1102 4077 1243 4129 doctorum
1255 4070 1357 4125 rhen·

244 4163 380 4218 editiones
395 4164 446 4216 hoc
461 4165 519 4216 loco
540 4163 612 4216 haud
629 4164 899 4233 praetermittendae:
927 4162 1106 4231 „Herodotus
1129 4163 1198 4213 from
1213 4159 1259 4210 the
1273 4160 1325 4208 text
1335 4146 1359 4199 tf

245 4248 387 4302 Gaisford.
401 4249 467 4301 with
482 4258 562 4302 notes
576 4248 756 4301 illustratives
776 4249 830 4301 and
846 4248 964 4303 criticals
979 4246 1033 4299 and
1050 4265 1066 4300 a
1081 4240 1272 4315 geographical
1287 4235 1356 4291 Indu

245 4336 281 4403 by
294 4336 350 4390 Pet.
363 4336 440 4394 uam,
453 4336 581 4389 haerent.
597 4333 714 4386 London
729 4336 794 4388 1831
810 4335 853 4387 ed.
865 4352 922 4387 sec.
938 4338 966 4384 et
980 4335 1055 4387 1816.
1068 4332 1111 4384 ed.
1121 4336 1182 4386 tert.
1200 4334 1217 4381 2
1229 4324 1293 4379 Voll.
1306 4322 1355 4377 h‘h

246 4420 424 4487 „Herodotus
440 4420 549 4485 Greek,
568 4420 635 4471 from
650 4419 696 4471 the
713 4425 772 4470 text
786 4419 818 4471 of
830 4418 953 4484 Beller,
972 4416 1037 4469 with
1049 4416 1165 4485 English
1178 4422 1257 4467 notes
1271 4403 1355 4477 11184
