2826 5132
369 430 629 488 GALLllll'ld.
654 430 711 488 IX.
737 438 902 491 luo—122.
1143 433 1203 494 387

93 603 191 669 ἐκεῖνοι
208 596 428 688 ὑπολαβόντες
447 598 548 693 Κύρῳ
567 599 806 688 προσήνεικαν,
831 605 968 687 λέγοντα
985 599 1079 670 τόδε·
1116 596 1204 670 Ἐπεὶ

92 700 160 781 Ζεύς
176 707 318 791 Πέρσησι
337 698 517 792 ἡγεμονίην
537 708 640 791 διδοῖ,
666 698 801 790 ἀνδρῶν
828 702 864 771 di
882 706 952 791 σοὶ,
978 705 1086 790 Κῦρε,
1111 730 1204 771 κατε-

85 801 145 871 ’λόν
163 800 349 894 Ἀστυάγεα
377 809 476 893 φέρε,
501 808 566 892 γῆν
587 802 651 894 γὰρ
677 803 842 893 ἐκτήμεθα
867 801 984 892 ὀλίγην
1008 807 1063 873 καὶ
1081 803 1205 892 ταύτην

92 908 223 993 τρηχὲην,
242 905 502 995 μεταναστάντες
521 910 556 976 ἐκ
574 905 693 994 ταύτης
711 903 816 994 όλλην
834 913 959 996 ἔχωμεν
976 902 1110 995 ἀμείνω.
1141 908 1204 976 εἰσὶ

92 1006 247 1076 dirotini
270 1009 333 1096 μὲν
356 1004 603 1096 ἀστυγείτονες,
635 1011 753 1078 πολλαί
778 1009 815 1077 δέ
839 1010 894 1077 καλ
919 1010 1098 1097 ἑκαστέρω·
1137 1011 1206 1079 τών

89 1114 154 1193 μίαν
168 1107 297 1199 σχόντες
316 1113 429 1179 πλέοσι
450 1107 595 1199 ἐσόμεθα
612 1108 890 1200 θωυμαστότεροι.
925 1108 1014 1191 οἰκός
1034 1111 1070 1179 δὲ
1089 1106 1204 1200 ἄρχον-

88 1237 133 1289 τας
147 1207 265 1301 ἄνδρας
282 1215 419 1281 τοιαῦτα
436 1215 575 1281 ποιέειν·
604 1210 678 1282 κότε
695 1211 758 1300 γὰρ
779 1210 820 1299 δὴ
834 1215 889 1281 καλ
908 1214 1038 1301 παρέξει
1057 1210 1204 1297 κάλλιον,

88 1303 163 1396 ἤότε
178 1341 214 1400 γε
231 1310 423 1403 ἀνθρώπιον
448 1342 482 1383 τε
501 1317 634 1384 πολλῶν
651 1311 794 1403 όιρχομεν
812 1312 917 1401 πόσης
942 1342 978 1383 τε
1001 1317 1057 1402 τῆς
1078 1309 1205 1402 Ἀσίης;

88 1416 180 1501 Κύρος
209 1416 246 1484 dl
270 1418 373 1484 ταῦτα
397 1412 541 1496 ολκούσας
575 1419 630 1485 καὶ
655 1413 696 1484 ού
720 1414 903 1504 θαυμάσας
927 1414 985 1485 τόν
1010 1414 1109 1503 λόγον
1138 1418 1205 1486 ἐκέ·

86 1521 149 1583 λεοε
164 1519 286 1586 ποιέειν
304 1520 420 1586 ταῦτα·
447 1514 535 1587 οὕτω
555 1519 592 1587 di
611 1514 740 1587 αύτοῖσι
758 1526 919 1605 παραίνεε
936 1516 1084 1587 κελεύων
1102 1545 1205 1607 παρα-

87 1615 300 1706 σκευάζεσθαι,
328 1614 371 1699 ολς
396 1615 506 1689 ούκέτι
531 1617 707 1708 ἄρξοντας,
732 1615 807 1688 ἄλλ’
833 1616 1041 1708 ἀρξομένους.
1079 1622 1206 1707 φιλέειν

85 1714 135 1807 γόρ
158 1723 190 1789 ἐκ
211 1724 279 1790 τῶν
301 1724 459 1809 μαλακῶν
482 1719 600 1811 χοίρων
623 1718 789 1809 μαλακούς
814 1717 939 1810 ἄνδρας
960 1729 1131 1809 γίνεσθαι·
1164 1717 1205 1791 ού

84 1897 215 1947 omnnem,
230 1902 302 1951 quem
315 1888 351 1935 illi
360 1888 530 1951 ειιινίμίεολοε
545 1889 610 1950 Cyro

84 1956 203 2001 metuerunt
226 1970 248 2003 s.
272 1960 472 2019 proposuerunt
496 1972 527 2003 eo
549 1955 608 2005 soil.

85 2019 194 2081 oonsilio,
219 2028 250 2071 ut
269 2021 316 2070 ille
335 2024 479 2072 Persarum
497 2038 610 2071 reanum

85 2099 125 2161 μετι
132 2088 217 2204 οχοοτο
225 2095 363 2223 germain)
378 2064 568 2207 eonstituzrit.

110 2170 141 2203 αν
159 2172 213 2218 ρων
245 2172 305 2207 eoo
351 2161 489 2207 καίοιεν
517 2160 610 2207 omines

85 2229 150 2271 αιλεια
160 2225 210 2281 ribi,
224 2240 323 2275 everso
336 2226 468 2289 Astyage,
481 2227 610 2290 inlperinm

85 2287 312 2354 Iuppitertrndidil.
323 2294 378 2342 Ubi
389 2309 456 2343 sune
468 2299 610 2358 exspecta·

86 2353 290 2420 διεκατελόντι,
310 2376 369 2410 cum
384 2362 419 2409 ml
433 2362 530 2424 Cyrum
549 2377 609 2426 per·

88 2423 167 2475 tinen:
179 2429 226 2479 sod
237 2429 358 2478 refertur
371 2429 405 2478 ad
415 2430 609 2494 ipsumlovem,

90 2494 276 2553 qroadiuvanre
283 2496 369 2560 Cyrus
375 2498 524 2561 Astyagem
535 2513 611 2546 ever-

93 2558 125 2605 ue
140 2562 173 2612 lle
187 2566 335 2615 Persarum
347 2564 409 2615 Iove
428 2565 500 2613 conf.
515 2565 537 2623 I,
554 2563 610 2613 131.

95 2622 138 2687 11ΙΙ,
146 2630 172 2679 le
182 2633 281 2697 ibique
294 2637 362 2681 nott.

95 2758 99 2768 Ι
114 2692 152 2771 καί
165 2694 274 2765 ταύτην
291 2693 428 2765 τρηχὲην]
452 2700 514 2749 Vid.
533 2700 560 2756 Ι,
578 2699 608 2747 11

93 2758 158 2826 ibique
174 2773 241 2820 nott.
276 2768 384 2829 „Pario
401 2768 434 2816 de
453 2768 564 2831 iugenio
583 2774 611 2816 et

92 2824 164 2882 babitu
179 2836 312 2885 Persicae
331 2836 454 2900 regionis
471 2835 552 2884 Plato
568 2836 610 2883 De

89 2892 200 2963 logg,111‚
218 2921 245 2969 p.
260 2902 312 2952 (195
324 2904 355 2953 Α.
375 2907 402 2951 et
419 2903 553 2952 Herodoti
570 2918 611 2951 us·

88 2972 186 3041 tqeutor
202 2972 337 3021 Arrianus
354 2971 458 3035 Exped.
473 2971 504 3031 V,
518 2972 542 3019 4.
562 2966 611 3020 καὶ

87 3045 129 3107 χεν
149 3035 194 3086 καὶ
215 3034 327 3101 Πέρσαι
352 3032 414 3088 τότε
439 3031 558 3103 πένητές
582 3053 611 3087 τε

85 3114 144 3162 ησαν
163 3103 210 3156 καλ
227 3101 323 3172 χώρας
345 3104 478 3170 τραχείας
500 3098 611 3170 οἰκήτο-

86 3181 133 3232 Ιῐλ,
153 3187 247 3239 nempe
267 3174 404 3239 principio
426 3175 501 3236 regis
518 3174 610 3238 Cyri.“

88 3234 260 3307 λίένιελίπρ.
304 3242 429 3292 Plutonis
459 3242 519 3291 loeo
550 3242 610 3291 add.

84 3301 147 3355 Xeno
166 3309 191 3358 h.
205 3311 306 3374 Cyrop.
319 3310 381 3360 VII.
394 3327 419 3374 p.
429 3309 483 3366 117,
497 3310 521 3357 5.
537 3306 610 3374 [Vll‚

84 3324 167 3440 beel.
202 3378 234 3426 In
258 3393 334 3442 seqq.
359 3394 407 3443 pro
425 3367 565 3441 ἕκαστέρω
584 3378 612 3425 in

83 3439 157 3490 tribus
179 3444 257 3494 codd.
278 3450 370 3494 exstat
393 3435 524 3507 lucrios.
550 3444 611 3493 vid.

83 3504 119 3567 l'l,
133 3508 176 3559 108
187 3513 283 3577 ibique
296 3518 364 3562 nott.
378 3513 436 3572 vll,
448 3512 489 3561 49.
522 3513 612 3561 Verba

84 3569 166 3626 τλέοσι
179 3571 307 3645 ἐσόμεθα
321 3574 552 3645 θωνμαστότεροι
565 3596 612 3630 νει·

82 3637 141 3692 lent:
167 3648 282 3711 pluribus
298 3648 434 3698 bominibus
451 3650 541 3699 maiori
562 3650 612 3698 εντ’-

82 3716 304 3768 ειυεοιλιιιὶναλίοιιί.

83 3844 88 3855 ⁸
110 3774 168 3830 τότε
180 3777 235 3847 γὰρ
246 3776 283 3849 δὴ
294 3780 343 3834 καὶ
356 3778 472 3849 παρέξει
486 3780 611 3849 κάλλιον]

82 3860 130 3896 Le·
143 3854 241 3915 ηιιοπιίο
255 3853 319 3901 enim
331 3853 377 3902 lroe
389 3869 451 3901 sane
464 3854 613 3903 οοιιααοιίὶιιο

82 3928 100 3960 s.
114 3922 193 3967 melius
207 3922 269 3982 fieri
282 3922 386 3984 poterit.
417 3921 459 3969 Tu
477 3921 548 3969 conf.
563 3921 611 3979 111,

82 3978 110 4031 13
120 3983 209 4050 ibique
224 3995 303 4049 nott,
321 4005 354 4037 nc
368 3987 455 4053 pluro.
480 3989 532 4038 Pro
549 3983 613 4037 κότε

82 4048 211 4103 Seuerofti
230 4055 315 4104 codex
333 4056 417 4105 habet
434 4047 550 4120 κότερα,
577 4057 611 4105 ol.

83 4115 221 4197 better
237 4124 324 4173 verba
342 4119 391 4173 καί
410 4115 444 4173 ού
456 4114 614 4188 θαυμάσας

82 4197 126 4300 ἴση
135 4187 224 4304 ,λόγον
248 4192 318 4241 conl.
336 4192 476 4242 Plutarch.
496 4192 532 4241 11.
551 4208 614 4256 pag.

99 4258 116 4300 ι·
147 4257 165 4304 ¹.

111 4311 183 4373 οὕτω
196 4319 229 4374 δὲ
242 4320 354 4377 αὐτοῖσι
368 4344 392 4376 κ.
407 4345 430 4377 τ.
445 4324 482 4393 b}
497 4327 537 4375 Ad
551 4329 614 4375 Per·

663 1888 861 1951 subsequentes
882 1875 1022 1948 ἄρξοντας
1042 1892 1070 1936 et
1087 1877 1206 1951 α’ρξομὲ-

663 1969 743 2019 νονς,
758 1954 996 2014 νίι1.ιοοι1ο1Χ,79
1009 1955 1101 2019 ibique
1109 1954 1205 2004 allate.

662 2023 843 2087 Pertieipium
882 2015 1057 2087 α’ρξομένοος
1095 2025 1207 2087 passivo

662 2105 744 2140 seusu
757 2091 958 2154 accipiendum,
977 2097 1008 2140 ut
1020 2085 1206 2155 πολιορκησό-

661 2173 742 2223 μενοι
767 2159 819 2218 ΙΧ,
838 2157 871 2207 58
889 2164 917 2208 ct
932 2158 973 2207 97.
1004 2159 1041 2219 V,
1064 2157 1206 2223 seruique

661 2232 731 2276 nott.
761 2226 883 2275 Plurima
901 2226 1026 2291 exempla
1044 2226 1123 2276 buius
1141 2241 1206 2275 usus

663 2310 697 2343 ex
714 2295 814 2343 Atticis
832 2294 1010 2358 scriptoribus
1029 2309 1100 2343 nuno
1119 2292 1207 2343 allate

662 2361 743 2411 video
757 2378 774 2410 a
787 2360 859 2410 Guil.
872 2361 1013 2410 Franekio
1026 2362 1055 2410 in
1068 2360 1206 2425 Philolog.

663 2428 757 2508 b'uppl.
775 2429 794 2489 Ι,
813 2428 837 2477 4.
856 2446 882 2493 p.
901 2428 951 2478 458
968 2445 1043 2493 seqq.
1079 2430 1122 2478 De
1139 2444 1207 2478 voce

662 2487 757 2546 ούκετι
775 2495 841 2559 (nec
858 2490 972 2561 μηκέτι)
995 2498 1050 2546 vid.
1065 2511 1134 2561 quoe
1154 2513 1209 2545 mo·

661 2569 762 2613 nentur
771 2564 918 2680 ilndnhrbb.
928 2565 948 2612 f.
955 2563 1090 2628 Philolog.
1098 2564 1207 2613 LXXX.

661 2648 724 2697 pag.
742 2631 797 2682 13.

697 2692 808 2763 φιλέειν
820 2694 874 2764 γὰρ
888 2726 920 2733 -
933 2692 1043 2763 ἄνδρας
1056 2696 1205 2765 γίνεσθαι]

663 2768 744 2817 Fecit
755 2767 994 2832 hucHippooratis
1006 2767 1083 2817 locus
1095 2769 1137 2817 De
1151 2769 1206 2817 aer.

663 2851 707 2900 οη.
723 2840 750 2884 et
764 2835 832 2885 loce.
846 2838 869 2897 fi.
877 2834 919 2883 33.
933 2834 1017 2900 pnes
1030 2852 1052 2885 s.
1065 2834 1114 2884 347
1129 2837 1207 2884 itern-

664 2919 714 2967 quc
734 2902 859 2952 Senecae
877 2903 919 2951 De
938 2904 980 2952 iru
996 2904 1032 2964 ΙΙ,
1049 2902 1081 2952 le
1100 2908 1143 2963 et,
1160 2904 1207 2952 ubi

664 2971 759 3020 endem
784 2972 923 3020 sententia
946 2971 1069 3036 proditur
1092 2971 1207 3020 diversis

663 3038 763 3099 verbis,
778 3038 919 3088 Plutarch.
929 3039 964 3088 11.
976 3056 1001 3104 p.
1016 3038 1062 3087 172
1072 3040 1103 3088 F.
1123 3038 1208 3088 Plura

663 3106 727 3170 Cyri
745 3106 818 3155 dicto
836 3106 939 3156 similia
957 3107 1072 3172 collegit
1084 3105 1208 3156 Gntnker

664 3175 698 3223 ad
711 3174 840 3223 Antonin.
854 3174 904 3235 IV,
919 3173 952 3223 39
970 3175 1031 3224 coll.
1043 3176 1160 3224 Dunaeo
1179 3175 1208 3223 in

663 3241 840 3291 Demosthen.
864 3259 890 3307 p.
913 3241 968 3291 131.
1009 3243 1050 3292 Ex
1067 3241 1208 3291 Herodoto

665 3315 756 3359 nutem
770 3325 915 3374 expressus
930 3310 1039 3359 videtur
1051 3309 1207 3358 Valckena-

663 3379 703 3427 rio
716 3377 791 3426 Livii
804 3377 879 3426 loeus
891 3377 991 3437 XXIX,
1005 3377 1038 3425 25
1051 3376 1208 3438 ‚,fertilissi-

663 3452 722 3494 mus
741 3460 807 3509 ager
824 3460 909 3508 eoque
929 3444 1071 3494 abundans
1090 3445 1207 3494 omnium

664 3513 745 3577 copie
762 3528 851 3561 rerum
869 3517 911 3561 est
928 3513 1017 3576 regio:
1037 3518 1065 3561 et
1082 3511 1208 3562 imbelles

665 3579 746 3644 (qnod
758 3579 916 3644 plerumque
930 3581 957 3628 in
968 3580 1052 3629 ubere
1066 3596 1132 3645 egro
1146 3595 1208 3629 eve·

664 3649 715 3709 nit)
727 3648 841 3697 barbari
858 3649 948 3696 sunt.“
984 3647 1025 3696 Ad
1041 3648 1128 3712 ipsum
1146 3664 1207 3696 sen·

664 3716 787 3776 tentiam,
802 3730 883 3778 qunrn
895 3715 1051 3781 plerumque
1065 3731 1166 3775 veram,
1181 3716 1207 3764 irr

664 3784 819 3832 universum
836 3788 930 3832 temen
947 3783 1075 3833 fallacem
1094 3799 1154 3833 esse
1167 3785 1208 3832 nit

664 3850 843 3913 wesseling„
859 3851 930 3899 conf.
944 3851 1066 3901 Heeren:
1082 3851 1122 3900 Id.
1136 3852 1163 3911 1,
1185 3850 1207 3900 l.

665 3936 690 3983 p.
707 3917 762 3967 194.
776 3917 834 3968 31λόΙ
867 3919 963 3967 Verum
976 3919 1053 3968 illam
1066 3934 1126 3969 esse
1144 3934 1208 3968 eon-

666 3986 793 4036 tonderat
808 4001 913 4050 quoque
926 3987 1096 4049 Lerohcrus,
1114 4002 1209 4036 recon-

666 4055 745 4104 tioris
757 4054 888 4104 historiae
902 4054 1035 4119 exemplis
1047 4053 1208 4119 quibusdem

667 4123 793 4173 adiectis.
825 4123 897 4183 Quin
911 4123 1120 4173 celeberrimum
1131 4123 1208 4171 Mon·

666 4192 792 4254 tesquieu
816 4192 843 4239 in
865 4190 936 4240 libro
958 4190 991 4239 ‹le
1009 4190 1098 4253 legum
1117 4190 1208 4239 enusis

666 4260 718 4319 (ita
731 4258 801 4307 enim
813 4273 873 4307 oum
883 4258 904 4307 1.
912 4260 944 4308 A.
954 4259 1069 4307 Ernesto
1080 4264 1108 4308 et
1117 4256 1208 4306 Rulm·

667 4327 750 4375 kenio
768 4326 882 4375 reddere
899 4325 967 4375 lieet
979 4326 1078 4376 Latine
1097 4325 1160 4375 libri
1174 4326 1207 4372 li·

82 4402 122 4438 ras
137 4392 234 4442 refero.
260 4395 317 4445 Nec
337 4411 425 4445 moror
443 4396 616 4445 accusativos
667 4392 751 4444 tulum
766 4393 855 4457 Esprr't
877 4394 923 4443 des
941 4393 1006 4455 loix)
1025 4393 1096 4442 idem
1116 4392 1208 4442 obsor-

940 4477 1006 4541 τε*
