2866 5134
165 344 169 360 ⁸
219 356 280 416 456
630 346 947 409 ΟΟΜΜΕΝΤΑΤΙΟ

219 542 251 578 ea
266 522 407 591 regiminis
422 524 523 590 forme,
545 538 616 592 quae
640 521 712 574 illem
734 521 849 573 omnium
864 519 1017 573 mortalium
1037 519 1250 590 aequabilitatem
1270 537 1339 591 quem

170 660 174 667 ,
218 610 331 662 maxime
345 624 457 660 servare
473 607 584 673 studet,
604 625 636 659 eo
661 606 735 678 quod
761 624 840 659 sunm
855 605 955 676 cuique
977 606 1104 659 tribuens
1125 606 1251 659 neminem
1266 622 1341 675 supra

219 695 288 748 alios
311 712 373 746 sese
393 693 494 745 efferre
515 691 634 761 patitur,
653 709 724 761 quae
745 691 832 759 igitur
847 692 929 743 habet
948 684 1001 761 τὴν
1013 689 1156 761 ἰσηγορίαν
1170 698 1250 760 atque
1262 688 1341 744 ἰσουο·

217 774 330 850 ptest),
352 777 481 848 primarie
499 777 610 829 videtur
630 777 787 842 Herodoto,
806 793 877 847 quae
892 776 994 830 ceteris
1009 776 1091 845 longe
1111 781 1239 846 praestet.
1279 775 1342 827 Hiar

220 874 251 918 ut
265 862 438 932 tyrannidem
455 862 567 915 maxime
582 866 743 927 aversatur,
766 861 805 913 ita
827 860 954 931 populari
968 861 1082 930 imperio
1100 861 1160 931 ipse
1176 860 1258 928 magis
1276 859 1343 912 dedi-

219 960 264 1002 tus
291 949 380 1000 fuisse
404 947 525 999 videtur.
570 947 632 998 Vid.
660 952 729 998 nott.
751 946 786 998 ad
800 946 834 1013 V,
850 948 884 1000 66
905 953 933 998 et
946 948 980 999 78
1001 946 1074 1012 (vol.
1091 946 1142 999 ΙΙΙ.
1158 965 1185 1016 p.
1208 945 1343 1013 1161411),

219 1035 270 1102 ΙΙΙ,
285 1037 319 1087 82
336 1040 363 1084 et
376 1032 410 1103 V,
425 1036 469 1100 92,
486 1036 512 1095 s.
529 1037 560 1099 23
582 1031 681 1084 deinde
702 1031 749 1098 VI,
765 1035 798 1085 43
814 1030 922 1102 (ibique
937 1037 1006 1083 nott.
1029 1030 1090 1083 Vol.
1110 1030 1160 1087 ΙΙΙ,
1177 1049 1203 1100 p.
1218 1029 1288 1096 278),
1302 1027 1342 1097 Vl,

220 1123 270 1173 108
295 1117 403 1187 (ibique
420 1124 489 1172 nott.
505 1117 566 1170 Vol.
584 1117 636 1168 ΙΙΙ.
653 1134 680 1184 p.
696 1118 761 1187 378)
789 1124 817 1169 et
836 1116 899 1181 Vll,
924 1117 973 1170 156
994 1114 1103 1185 (ibique
1124 1122 1193 1168 nott.
1216 1114 1275 1167 Vol.
1299 1113 1343 1165 ΙΙΙ.

218 1223 246 1275 p.
261 1203 337 1269 682).
371 1202 470 1271 Neque
499 1220 565 1254 vero
590 1202 662 1254 burm
687 1200 831 1269 popularis
856 1200 962 1270 imperii
981 1217 1098 1253 amorem
1116 1218 1150 1253 eo
1175 1200 1303 1265 valuisse,
1319 1207 1344 1249 nt
1414 1230 1415 1263 ι

218 1305 309 1341 rerum
324 1286 435 1339 veritati
456 1286 485 1338 in
501 1287 659 1339 narratione
677 1287 803 1338 offecerit
821 1285 967 1357 ipsumque
985 1285 1148 1354 scriptorem
1169 1285 1280 1355 partium
1294 1286 1344 1335 stn-

197 1420 199 1425 .
219 1374 264 1425 dio
281 1379 388 1440 captum
406 1388 422 1422 e
438 1388 504 1423 vero
520 1371 681 1436 abduxerit,
703 1388 736 1423 ex
757 1371 808 1439 iis,
829 1387 900 1440 quae
914 1384 1000 1440 supra
1016 1370 1067 1422 iam
1083 1371 1210 1437 diximus,
1227 1368 1292 1422 satis
1305 1384 1345 1436 ap·

218 1463 312 1528 paret3
338 1457 407 1508 adde
431 1456 505 1526 quod
526 1457 595 1508 benc
617 1472 693 1508 suam
713 1455 877 1508 sententiam
900 1454 946 1507 ille
967 1474 1021 1509 uon
1037 1455 1165 1508 consulto
1187 1462 1215 1508 et
1236 1452 1345 1524 apertius

219 1541 361 1607 enuntiat,
382 1541 432 1592 sed
461 1542 547 1608 magis
571 1547 644 1593 tecte
662 1540 779 1608 indicet,
807 1556 866 1593 cum
881 1541 915 1593 ab
930 1540 1054 1593 historiis
1069 1541 1130 1593 suis
1145 1540 1225 1609 talia,
1240 1556 1305 1609 quae
1318 1535 1346 1589 ad

219 1643 309 1679 rerum
323 1625 507 1678 narrationem
521 1626 692 1696 pertineant,
715 1626 813 1678 abesse
826 1625 961 1678 maluerit.

748 1815 774 1877 §-
792 1815 834 1867 13.

304 1966 383 2035 Opus
403 1964 606 2029 Herodoteum,
627 1964 709 2035 quale
733 1982 806 2017 nunc
822 1964 953 2035 legimus,
968 1967 997 2019 in
1014 1985 1109 2020 novem
1128 1967 1226 2036 libros,
1244 1966 1288 2037 qai
1300 1965 1344 2017 sin·

218 2051 276 2119 guli
291 2051 437 2104 Musarum
450 2050 605 2103 nominibus
621 2048 750 2120 inscripti
764 2057 845 2118 suut,
862 2052 980 2105 divisum
994 2051 1130 2107 videmus.
1176 2053 1256 2116 Quae
1273 2058 1343 2103 mnan

219 2136 318 2188 divisio
342 2134 454 2204 abipso
480 2142 593 2186 anctore
609 2151 672 2186 uum
697 2135 820 2204 profecta
837 2136 889 2203 sit,
916 2138 977 2190 iure
993 2134 1119 2204 dubites3
1144 2135 1341 2208 quandoquidem

219 2220 265 2274 ille
278 2236 418 2289 nunquam
433 2218 561 2287 singulos
577 2218 661 2271 libros
676 2219 716 2270 ita
729 2220 836 2272 divisos
853 2228 881 2273 et
895 2221 1045 2291 inscriptos
1061 2222 1156 2288 novit,
1174 2222 1224 2275 sed
1237 2222 1270 2274 ad
1282 2218 1339 2289 prins

220 2313 331 2359 narrata
347 2305 371 2356 si
386 2305 514 2374 respicit,
535 2297 635 2371 λόγους
655 2305 683 2355 in
705 2305 865 2358 universnm
889 2316 968 2359 vocat
989 2307 1049 2359 sive
1069 2301 1137 2369 roric
1159 2302 1282 2375 πρώτους
1297 2303 1339 2355 sive

218 2385 284 2452 τοὺς
298 2383 395 2460 ὀπίσω,
413 2383 479 2451 τούς
495 2382 596 2442 (infode
611 2382 720 2460 λόγους,
736 2383 765 2443 ἐν
780 2382 852 2462 ἄλλῳ
866 2385 948 2464 λόγῳ,
966 2372 1085 2461 et⁰quse
1108 2400 1177 2445 sunt
1194 2393 1236 2444 bis
1257 2386 1342 2449 sinilia,

219 2476 320 2546 quibus
343 2474 468 2543 singulas
490 2474 657 2526 narrationis
670 2481 778 2543 partes,
804 2492 874 2543 quas
896 2494 969 2529 nunc
989 2477 1148 2529 accuratius
1170 2477 1308 2531 distinctas
1324 2479 1346 2522 el

220 2562 363 2613 Musarum
379 2559 486 2613 nomine
504 2565 615 2611 ornatas
630 2559 768 2627 videmus,
783 2558 828 2612 ille
843 2561 964 2615 indicare
981 2561 1061 2615 solet
1096 2563 1155 2614 lam
1168 2561 1272 2614 monuit
1281 2559 1345 2608 We*

220 2646 319 2713 seliug.
344 2646 372 2698 in
395 2645 515 2698 Praelat.
537 2647 563 2709 s.
581 2648 606 2709 2,
629 2645 676 2696 ubi
695 2644 829 2714 quaedam
851 2646 956 2698 addidit
977 2647 1260 2715 Schweighaeuserus.
1301 2638 1347 2704 Qui

221 2731 333 2783 eandem
351 2749 406 2783 rem
422 2729 514 2796 attigit
529 2728 611 2781 Mure
626 2730 758 2799 (History
774 2731 806 2781 oi
818 2732 864 2783 the
879 2731 1017 2800 language
1037 2731 1091 2783 and
1107 2731 1250 2785 literature
1264 2730 1293 2780 oi
1308 2742 1347 2777 au

221 2817 294 2867 cient
310 2817 416 2868 Greece
431 2813 477 2866 lV.
495 2834 522 2883 p.
537 2817 590 2868 4611
605 2816 690 2883 seq.),
708 2821 736 2866 et
750 2815 811 2884 ipse
826 2816 948 2882 dubitat,
966 2833 1029 2869 num
1044 2833 1085 2883 ea,
1109 2834 1183 2887 quae
1199 2832 1269 2869 nunc
1281 2813 1346 2865 inre·

221 2901 297 2953 nitur
311 2899 461 2952 Herodotei
479 2899 571 2967 operis
593 2898 708 2966 divisio,
725 2900 759 2951 ab
774 2900 835 2969 ipso
850 2901 993 2954 Herodoto
1007 2902 1134 2970 profecta
1149 2903 1200 2967 sit,
1216 2899 1277 2952 licet
1290 2911 1349 2966 opus

221 2995 274 3037 tam
289 2984 408 3053 spissum
425 2992 453 3036 et
466 2990 609 3035 externum
624 2983 786 3037 divisionem
804 2987 938 3053 quandam
954 3003 987 3038 ac
1004 2986 1228 3040 distributionem
1246 2983 1349 3054 partium

221 3068 389 3137 singularum
414 3069 509 3138 utique
532 3067 667 3137 postulet:
688 3086 767 3140 quam
790 3069 815 3121 si
837 3071 942 3123 Noster
958 3087 1076 3141 unquam
1098 3072 1281 3139 instituisset,
1302 3081 1351 3119 ωο

220 3160 301 3226 putat
312 3154 354 3205 uir
371 3154 469 3206 doctus
483 3152 557 3206 illum
575 3153 768 3208 instituturum
782 3154 887 3221 fnisse,
909 3173 981 3225 quae
996 3155 1091 3209 similis
1110 3156 1199 3209 fuerit
1209 3150 1351 3223 rhapsodiis

221 3239 355 3307 siugulis,
377 3237 474 3308 quales
492 3238 540 3309 qui
562 3237 639 3307 epioe
660 3240 780 3292 carmina
801 3240 1010 3306 recitavissent,
1035 3242 1129 3293 lacere
1157 3238 1351 3293 consueverint.

221 3325 356 3395 Equidem
371 3326 490 3389 atteram,
508 3341 579 3393 qnae
596 3324 629 3375 ed
646 3325 810 3376 sententiam
823 3342 838 3376 a
852 3344 893 3379 me
910 3325 1076 3395 propositam
1098 3325 1213 3378 maxime
1226 3323 1351 3394 pertinere

221 3410 360 3462 ridentur.
391 3409 449 3472 Qui
471 3410 503 3475 V,
521 3410 556 3463 36
576 3409 702 3477 scripsit:
725 3402 763 3470 ὡς
785 3406 939 3480 δεδήλωταί
956 3429 1004 3480 μοι
1025 3405 1060 3464 ἐν
1081 3412 1127 3482 τῷ
1153 3405 1274 3479 πράσῳ
1295 3406 1351 3459 reis

221 3490 336 3562 λόγων
358 3493 510 3563 respiciens
532 3493 566 3544 ad
582 3510 628 3559 ea,
644 3510 715 3562 qnae
733 3494 755 3560 Ι,
772 3498 807 3548 92
821 3496 951 3563 tradidit,
968 3495 993 3547 is
1007 3496 1029 3565 Ι,
1046 3498 1088 3561 75,
1111 3496 1159 3547 ubi
1182 3494 1290 3548 scribite
1307 3483 1351 3557 nir

222 3572 273 3648 lyei
287 3573 316 3632 ἒν
331 3584 402 3632 τοῖσι
416 3572 525 3632 ὀπίσω
542 3573 682 3647 λόγοισι
695 3577 830 3651 σημανέω,
847 3581 962 3649 respicit
976 3581 1010 3633 sd
1025 3598 1066 3645 ea,
1082 3597 1156 3650 quae
1167 3580 1287 3633 eiusdem
1299 3572 1351 3628 libri

222 3664 303 3734 primi
324 3682 383 3733 cap.
407 3666 454 3717 167
479 3680 552 3715 nunc
569 3662 714 3731 leguntur,
738 3673 766 3715 et
780 3666 848 3731 Vll,
863 3668 911 3731 93,
935 3666 981 3718 ubi
1001 3665 1099 3717 scribit
1113 3659 1144 3719 ἐν
1164 3670 1259 3719 τοῖσι
1273 3653 1352 3729 πρό·

222 3765 319 3802 τοιοι
339 3750 408 3802 τοῖν
430 3743 544 3816 λόγων
564 3749 681 3818 εἴρηται,
704 3749 802 3802 iterum
817 3768 864 3815 ea,
888 3768 959 3821 quae
973 3750 1051 3820 primi
1066 3750 1129 3802 libri
1146 3767 1207 3820 cap.
1226 3751 1269 3803 171
1289 3760 1352 3799 nunc

224 3840 343 3900 exstant,
364 3833 391 3885 in
412 3839 500 3885 mente
521 3833 611 3885 babet.
646 3833 691 3884 Sic
709 3833 745 3901 ll,
764 3839 811 3888 161
832 3835 973 3888 scribens:
992 3830 1045 3904 τὴν
1062 3828 1117 3903 lyei
1138 3823 1351 3904 pertemptat*

222 3923 294 3973 τοῖσι
309 3919 455 3990 Λιβυκοῖσι
469 3911 575 3985 λόγοισι
589 3911 783 3991 ἀπηγήσομαι,
806 3920 907 3990 respici
927 3920 986 3973 vult
997 3920 1029 3972 ad
1047 3937 1088 3987 ea,
1106 3938 1180 3990 quse
1198 3920 1245 3983 IV,
1261 3919 1304 3971 151)
1317 3912 1350 3966 ts·

194 4028 197 4035 ’
225 4007 361 4070 feruntur,
378 4010 406 4054 et
421 4002 452 4067 V,
468 4007 501 4054 2⁶2
516 4003 578 4071 (ubi
593 4003 648 4059 vid.
671 4011 739 4056 nott.
757 4005 816 4056 Vol.
833 4006 885 4058 ΙΙΙ.
902 4024 929 4075 p.
945 4006 993 4071 37)
1009 4006 1134 4058 scribens
1149 4003 1199 4059 sel
1216 4000 1251 4073 δὴ
1266 3998 1309 4055 sul
1322 3993 1351 4052 lt

223 4094 318 4143 τοῖσι
334 4080 467 4141 ὄπισθε
481 4080 624 4155 λόγοισι
639 4080 764 4154 ἀποδέξω
782 4090 895 4161 respicit
909 4091 943 4143 ad
964 4108 1004 4158 ea,
1020 4090 1091 4160 quae
1105 4089 1184 4157 Vlll,
1205 4092 1250 4144 137
1265 4087 1349 4153 legan-

225 4185 279 4239 tur,
296 4174 464 4243 eandemque
488 4171 596 4225 dicendi
616 4174 757 4226 formulam
779 4175 889 4229 adhibet
908 4176 976 4229 adeo
991 4175 1052 4243 Vll,
1071 4178 1123 4229 213
1140 4175 1203 4247 (nbi
1220 4173 1274 4227 vid.
1290 4172 1349 4224 nott.

294 4357 320 4421 *)
340 4356 419 4407 Cous.
433 4360 500 4406 nott.
515 4355 550 4405 ad
563 4356 613 4414 ΙΙΙ,
626 4355 669 4406 86.
681 4356 743 4407 Vol.
757 4358 793 4410 11.
805 4373 869 4424 pag.
885 4356 933 4407 166
944 4363 973 4409 et
986 4358 1020 4408 ad
1033 4359 1065 4420 V,
1078 4355 1121 4407 78.
1134 4356 1194 4409 Vol.
1207 4357 1255 4408 ΙΙΙ
1265 4372 1290 4420 p.
1301 4347 1349 4401 176
