2900 5122
210 367 272 429 258
646 353 916 417 HERODOTI

211 535 248 603 δὲ·
267 536 382 622 ἑτέρον
399 530 511 620 φαμὲν
534 523 635 617 ἡμέας
660 529 833 597 ἱκνέεσθαι
856 519 1089 614 ἡγεμονεύειν,
1117 519 1199 592 κατα
1225 548 1290 607 περ
1316 523 1354 590 ἐν

209 640 257 728 τῷ
278 632 408 725 πρόσθε
429 630 546 723 χρόνῳ.
583 636 694 718 Χωρίς
720 656 755 697 τε
782 624 901 696 τούτου
927 629 988 695 sod
1013 621 1228 712 ἀπηγημένου
1251 629 1353 711 ἔργον

209 733 449 823 ἀξιονικότεροί
465 739 556 821 εἰμεν
571 727 762 818 Ἀθηναίων
778 724 903 815 ταύτην
921 724 981 815 τὴν
998 725 1092 809 τάξιν
1110 732 1205 814 ἔχειν.
1236 726 1353 794 πολλοὶ

210 839 272 928 μὲν
289 835 353 926 γάρ
370 863 405 905 τε
423 837 479 904 καὶ
498 822 537 902 εὖ
554 840 683 921 ἔχοντες
701 827 781 918 πρὸς
799 824 902 918 ὑμέας
921 823 1017 917 ἡμῖν,
1041 824 1161 916 ἄνδρες
1184 828 1354 913 Σπαρτιῆ-

214 969 281 1026 ται,
298 934 425 1026 ἆγῶνες
443 932 658 1023 ἀγωνίδαται,
677 935 792 1002 πολλοὶ
811 930 848 1000 δὲ
866 931 921 999 καὶ
939 927 1021 1018 πρὸς
1037 925 1167 1009 ἄλλους.
1196 923 1289 997 οὕτω
1307 917 1354 996 οἶν

213 1035 316 1130 ἡμέας
336 1046 466 1108 δίκαιον
484 1043 572 1126 ἔχειν
587 1032 624 1105 sd
643 1037 757 1124 ἕτερον
774 1034 883 1121 κε’ρας,
900 1027 985 1121 ἥπερ
1000 1027 1208 1118 Ἀθηναίους.
1228 1024 1272 1098 οὐ
1290 1026 1353 1115 γάρ

212 1148 277 1230 σφί
293 1145 360 1210 ἐστι
379 1145 459 1228 ἔργα
476 1133 531 1207 οἷοί
548 1164 611 1226 περ
628 1130 709 1225 ἡμῖν
725 1135 989 1223 κατεργασμένα,
1008 1128 1075 1202 οὔτ’
1095 1121 1143 1201 ὦν
1161 1127 1258 1201 καινὰ
1275 1127 1354 1203 οὔτε

166 1239 343 1315 tresenti.
382 1245 427 1311 Οἱ
441 1240 503 1329 μὲν
520 1241 623 1308 ταῦτα
642 1244 765 1325 ἔλεγον.
799 1231 971 1323 Ἀθηναῖοι
991 1234 1028 1302 δὲ
1046 1230 1129 1322 πρὸς
1145 1235 1248 1302 ταῦτα
1266 1226 1398 1303 sisse-itit

212 1351 369 1433 κρίναντο
392 1339 486 1411 τάδε·
519 1336 743 1428 Ἐπισταμεθα
759 1337 821 1427 μὲν
838 1334 984 1406 σύνοδον
1001 1333 1103 1423 τήνδε
1121 1331 1225 1424 μα’χης
1243 1338 1356 1402 εἵνεκα

248 1529 441 1604 φαμδνὴμέας
447 1530 596 1588 ἱκνέεσθαι
602 1527 757 1602 ἡγεμονεύ-
808 1532 960 1584 daemoniis
970 1533 1134 1597 eosdemque
1144 1532 1172 1581 in
1181 1530 1285 1582 beilum
1295 1546 1355 1596 pro·

214 1604 757 1733 iiiiii?“iufpititi‘biti‘tti
808 1601 1080 1730 itittttitittssii
1097 1599 1355 1719 tristitiis?

213 1759 239 1808 p.
252 1740 302 1791 548
315 1690 343 1790 εει
355 1741 509 1799 Larchero,
522 1740 639 1789 rescribi
652 1738 711 1790 vnit
724 1729 738 1788 ἔ
743 1754 757 1796 ς
809 1736 877 1786 chus
894 1736 1009 1797 Quaest.
1029 1684 1129 1785 Graece.
1147 1705 1185 1792 5‚'
1197 1727 1356 1798 Τεγεάταις

213 1800 316 1876 ἡμέας,
338 1809 434 1873 quibus
448 1807 602 1872 Schweigh.
616 1811 692 1855 reete
710 1822 757 1871 op·
809 1797 1009 1882 διαλλαγέντες
1022 1794 1193 1868 ἐποιήσαντο
1203 1794 1356 1864 συνθήκας

212 1878 292 1942 ponit
300 1877 386 1941 ipsum
396 1875 566 1925 Herodotum
575 1872 759 1939 11,36‚qnam-
808 1866 859 1921 soti
871 1872 977 1936 στηλην
994 1861 1026 1921 ἐν
1042 1861 1157 1935 :sapato
1174 1865 1278 1934 κοινὴν
1290 1859 1356 1919 ανέ-

214 1959 295 2008 quam
312 1944 481 2008 praepositio
499 1948 527 1991 et
545 1942 606 2006 ipsa
625 1943 759 2006 reperitur
810 1953 916 2001 στησαν
928 1954 953 1991 κ.
967 1953 989 1987 τ.
1002 1936 1053 2001 L),
1072 1937 1154 1988 vaide
1167 1938 1312 1987 aestimati
1329 1947 1358 1986 et

215 2011 310 2060 addita
323 2011 373 2069 vl,
387 2010 429 2061 57.
463 2010 559 2072 ltaque
572 2008 640 2056 nihil
654 2013 758 2057 mutan·
810 2006 937 2056 honorati
950 2021 967 2055 a
979 2005 1218 2071 Lacedaemoniis,
1231 2005 1280 2069 qui
1291 2005 1357 2054 inda

214 2078 276 2125 dum
289 2075 412 2124 duxizde
423 2075 577 2124 accusativi
588 2075 693 2123 ratione
702 2075 758 2123 vid.
810 2074 839 2121 in
857 2074 919 2123 acie
939 2072 1115 2135 Plataeensi,
1140 2071 1188 2122 stoi
1209 2071 1296 2137 τιμῆς
1316 2069 1358 2122 εἴ·

214 2143 345 2201 Kuehner
358 2142 404 2190 Gr.
418 2142 464 2190 Gr.
477 2143 500 2200 ς.
513 2142 571 2189 545.
606 2141 675 2189 Nam
688 2140 758 2191 haec
810 2155 880 2190 νεκα
897 2136 946 2191 καὶ
964 2130 1082 2205 αἱρετῆς,
1106 2146 1138 2190 ut
1154 2141 1255 2190 Noster
1271 2140 1359 2189 tradit

214 2210 273 2259 iere
291 2209 346 2258 loci
365 2208 517 2258 sententia:
537 2209 598 2269 „od
614 2223 660 2257 nos
674 2214 756 2271 perti·
811 2223 873 2273 cap.
886 2208 932 2265 28,
950 2208 1085 2272 Tegeatis
1101 2207 1190 2257 locum
1210 2208 1280 2272 ipsis
1296 2223 1359 2272 pro-

213 2293 275 2326 nere
288 2277 390 2326 diedesa
402 2277 532 2339 imperium
548 2289 570 2324 s,
583 2276 682 2324 ductum
693 2279 758 2324 aite-
809 2276 910 2324 minum
923 2276 1077 2340 assignant.
1094 2275 1135 2325 Ac
1147 2275 1192 2324 vei
1205 2281 1293 2324 antes
1304 2275 1358 2324 Te·

213 2349 268 2394 rius
278 2344 391 2406 eornu“‚
411 2343 483 2407 quod
499 2342 629 2391 convenit
641 2357 701 2392 cum
714 2343 760 2405 iis,
811 2348 910 2405 gestas
933 2358 995 2392 curu
1019 2342 1250 2393 Lacedaemoniis
1270 2343 1358 2391 Ther·
1442 2340 1443 2343 ’

232 2428 286 2461 uae
304 2413 432 2461 continno
449 2410 645 2460 subiiciuntur:
669 2401 761 2475 ἡμέας
811 2408 936 2473 ιοοργίοε
948 2410 1087 2472 profectos
1097 2409 1215 2475 legimus
1225 2410 1287 2469 v11,
1298 2409 1359 2459 ἳδὶ.
1442 2460 1443 2467 ,

215 2429 332 2530 δίκαιον
350 2472 425 2543 ἔχειν
442 2470 474 2527 τὸ
493 2471 602 2540 ἕτερον,
629 2477 676 2526 ubi
698 2476 758 2527 soii.
811 2474 889 2525 Geni.
903 2476 988 2525 etiam
1002 2477 1324 2543 CurtinszPeiopounes.
1335 2479 1358 2528 1.
1442 2470 1443 2515 i

215 2551 271 2597 iure
287 2548 334 2597 doc
350 2547 399 2596 sibi
415 2546 505 2595 deberi
515 2546 675 2596 contendunt.
705 2547 759 2594 Pro
810 2559 837 2607 p.
850 2543 909 2593 252.
944 2543 1039 2608 Neque
1057 2543 1140 2593 aliter
1157 2546 1277 2610 posteris
1289 2550 1359 2595 tcm-

216 2606 249 2664 ἒν
260 2613 297 2680 τῷ
309 2606 420 2675 πρόσθε
434 2606 525 2678 χρόνῳ
537 2613 631 2663 Naber
643 2613 671 2661 in
682 2613 759 2662 Mne·
811 2610 922 2675 poribus
956 2610 1096 2675 Tegeatae
1125 2613 1360 2663 Lacedaemoniis

215 2698 320 2745 mosyu.
333 2681 379 2732 IV.
417 2680 470 2729 .13
484 2681 570 2730 scribi
586 2680 658 2730 vuit:
678 2673 710 2731 ἐν
722 2677 761 2745 τῷ
812 2678 957 2728 adiunctos
974 2678 1110 2727 videmus:
1134 2680 1189 2729 vid.
1207 2680 1290 2730 modo
1305 2681 1360 2729 Xe·

215 2698 415 2812 κρόσδεαίεδ
428 2741 534 2813 χρόνῳ,
553 2747 759 2813 quoduiclegi-
811 2745 893 2810 noph.
912 2746 983 2795 Hist
1002 2745 1101 2795 Graec.
1120 2745 1171 2803 IV,
1192 2747 1220 2800 ⁶2.
1246 2746 1288 2797 13.
1314 2748 1360 2803 vl.

215 2821 260 2865 tur
276 2816 355 2874 vlu,
373 2814 420 2877 41,
438 2831 526 2878 neque
544 2831 609 2865 vero
627 2815 679 2864 hoc
698 2814 759 2865 loco
811 2811 897 2872 4,18.
918 2838 947 2847 -
966 2815 999 2863 ln
1017 2828 1091 2876 seqq.
1110 2814 1212 2863 retinui
1230 2812 1358 2876 δίκαιον,

216 2882 402 2932 necessarium
414 2882 532 2931 videtur.
811 2881 941 2945 quoniam
958 2872 1152 2943 δικαιότερον,
1170 2881 1243 2945 quod
1255 2882 1361 2932 Pasias

250 2946 300 2998 τοῦ
319 2941 517 3013 ἀπηγημένου]
540 2950 656 2999 Passivo
677 2963 761 2998 sensu
811 2948 907 3012 reponi
919 2948 1021 3009 voluit,
1037 2962 1069 2997 sc
1083 2963 1169 3064 nuper
1182 2964 1294 3014 quoque
1306 2950 1360 3000 Na·
1441 2992 1442 2999 ,

217 3015 409 3080 accipiendum
433 3030 493 3065 esse
516 3016 646 3066 observat
661 3016 760 3068 Mettis.
811 3014 861 3064 ber
873 3015 890 3064 l.
904 3015 922 3064 1.
936 3031 999 3081 pag.
1016 3014 1058 3076 11,
1078 3020 1107 3065 et
1133 3015 1187 3066 ibri
1203 3018 1307 3082 scripti
1319 3034 1361 3067 re·
1441 3026 1442 3039 ¹

217 3083 263 3133 Gr.
282 3083 329 3132 Gr.
346 3084 370 3143 ξ.
387 3081 480 3132 uses.
516 3084 592 3132 Idem
614 3083 711 3132 eadem
731 3084 760 3132 in
811 3090 913 3147 spuunt
931 3082 1177 3147 etususliuguac3
1196 3085 1247 3134 sed
1264 3087 1361 3150 positi-

217 3150 356 3200 iocntioue
369 3150 505 3215 reperitur
516 3165 599 3216 snpra
611 3150 632 3211 1,
643 3150 702 3201 207.
719 3151 760 3199 Ad
811 3166 875 3199 vum
885 3150 1000 3200 subinde
1008 3150 1049 3199 ita
1059 3152 1123 3215 poni
1134 3152 1303 3211 invenimus.
1315 3153 1362 3202 ubi

216 3233 334 3299 sequens
350 3209 558 3283 οἷξιονικὸτεροι
576 3218 613 3267 ci.
626 3218 692 3281 VII,
713 3216 760 3266 187
812 3224 903 3267 mente
917 3217 1019 3298 addere
1036 3218 1103 3267 iicet
1115 3216 1227 3283 μᾶλλον
1240 3236 1257 3269 e
1269 3220 1363 3300 vernis

217 3286 538 3418 nbkppvpcllppfflm
559 3353 678 3403 Verbum
688 3342 759 3417 οἷγω·
810 3291 1362 3419 {3⁸8qungpittsppeeggtgpltguppptssnzrnsg

216 3421 332 3472 νίδαται
350 3422 431 3472 atiert
443 3424 541 3472 Eustat
562 3457 568 3471 .
588 3421 623 3471 ad
636 3422 677 3470 lsi.
694 3437 758 3486 pag.
810 3434 862 3469 usu
874 3420 944 3470 bone
958 3422 1063 3470 monuit
1075 3420 1229 3471 Stalibaum
1247 3424 1285 3473 ad
1298 3424 1361 3473 Pla·

215 3489 329 3549 234,ἳο
341 3506 363 3539 s.
378 3490 494 3553 177‚·23.
530 3490 573 3539 Tu
590 3489 644 3538 vid.
658 3488 692 3537 de
706 3489 758 3538 hac
811 3489 926 3537 ton.De
950 3487 1363 3556 regg.1x.p.ssosa.(p.uu

217 3557 335 3621 perfecti
347 3557 451 3622 passivi
464 3559 551 3607 forma
564 3556 651 3606 allata
664 3572 680 3605 a
692 3557 759 3606 Bre·
810 3554 895 3618 νειμ),
908 3571 961 3605 nec
974 3560 1066 3606 nostro
1079 3555 1138 3606 loco
1152 3557 1267 3619 omimo,
1281 3574 1361 3623 quem

217 3624 278 3674 dov.
292 3638 356 3688 pag.
366 3622 423 3674 328,
441 3625 484 3673 De
497 3624 694 3674 certaminibus
706 3624 759 3672 Te·
812 3623 895 3671 etiam
908 3623 1059 3673 attulerunt
1069 3623 1205 3674 Matthiae
1216 3625 1266 3675 Gr.
1279 3626 1361 3686 (int.
1440 3618 1441 3631 ¹

217 3698 361 3756 gestarum
378 3706 412 3741 ac
428 3691 623 3756 Spartanorum
641 3691 696 3742 vid.
714 3706 759 3741 su·
810 3689 1195 3756 457‚1etssred0v.pog.uu
1210 3707 1286 3758 seq.;
1304 3693 1362 3744 vid.

217 3756 440 3838 prs1365sepq.
464 3758 595 3823 Spartani
608 3759 680 3807 enim
698 3774 759 3843 euru
810 3772 917 3836 quoquo
939 3759 1080 3808 Lambort.
1101 3759 1165 3808 Bos.
1191 3760 1226 3809 de
1246 3761 1361 3826 Eilipss.

217 3824 759 3958 {zuisssfssttisstdistitutis
808 3826 891 3941 {¹¹¹5}
909 3825 1010 3943 iiiii·
1024 3824 1362 3958 interiisset?

217 3967 346 4009 tamcum
363 3959 453 4009 relata
470 3966 575 4021 essent,
593 3960 759 4026 belloaupe·
811 3954 898 4035 ιραινᾶ
921 3950 988 4010 οὔτε
1011 3953 1121 4011 παλαιοὶ
1141 3975 1219 4012 usum
1241 3963 1362 4013 voculae

217 4028 304 4076 riores
311 4027 386 4105 jacti
399 4033 470 4088 sunt,
483 4042 506 4077 s.
516 4033 546 4077 ut
555 4028 656 4077 Noster
664 4027 760 4077 scribit
810 4044 850 4077 ων
859 4029 968 4078 notavit
978 4029 1047 4078 idem
1054 4028 1209 4079 Stallbaum
1222 4030 1293 4081 ibid.
1299 4031 1362 4081 vn.

216 4096 239 4156 Ι,
253 4092 295 4155 68,
309 4109 380 4153 osec
392 4089 533 4160 πειρῴατο
545 4084 681 4159 α’λλήλαν,
695 4094 760 4144 scoi-
810 4111 836 4159 p.
850 4094 938 4156 7921),
952 4096 999 4146 ubi
1012 4096 1067 4146 vid.

217 4160 256 4227 ἰῷ
279 4156 482 4227 κατυπέρτεροι
505 4160 545 4228 τῷ
567 4155 681 4227 πολέμῳ
703 4153 758 4224 ἐγί-

217 4245 301 4281 νοντο
314 4222 344 4280 oi
354 4222 587 4295 Λακεδαιμόνιοι.
610 4229 678 4279 lude
691 4230 759 4279 vieti
986 4214 1053 4267 Off·
1069 4215 1183 4267 XXVII·

216 4299 360 4364 Tegeatae
377 4297 473 4348 foedus
490 4299 584 4349 iniisse
598 4311 658 4347 oum
671 4297 759 4346 Lace·
845 4292 969 4351 sciendos
978 4294 1295 4366 τήνδε-συλλεγῆναι]
1308 4302 1362 4352 ie«
