2952 5156
465 404 670 466 URANIA.
693 408 783 467 VIII.
811 414 867 512 lot.
890 419 950 469 105.

1214 415 1274 476 155

130 581 209 656 δεος
228 576 447 665 ἐπαμμένους,
468 574 654 666 ἐκτάμνων,
673 573 817 665 ἀγινέων
835 575 957 648 ἐπεόλεε
976 582 1008 661 ἐς
1021 576 1148 668 Σάρδις
1165 609 1202 651 τε
1219 584 1275 652 καί

119 674 271 765 Ἔφεσον
288 674 465 767 χρημάτων
481 675 643 768 μεγάλων.
679 677 769 770 παρά
790 677 853 770 γάρ
875 697 960 751 τοῖσι
978 679 1175 772 βαρβάροισι
1191 713 1274 774 τιμι-

130 777 256 867 ότεροί
272 786 335 849 είσι
353 785 389 849 οί
404 776 574 870 εὐνοῦχοι,
599 789 726 862 πίστιος
746 787 856 852 εἵνεκα
873 786 932 871 τῆς
949 780 1071 872 πάσης,
1097 787 1165 856 τόν
1184 789 1274 875 ἐνορ-

129 891 224 970 χίων.
262 877 384 962 ἄλλους
401 910 436 951 τε
456 880 497 970 δη
518 880 705 963 Παυιοόνιος
724 887 856 973 ἐξέταμε
873 882 1026 973 πολλοὺς,
1047 882 1104 955 άτε
1121 885 1274 976 ποιεύμε-

130 1012 188 1063 νος
216 985 254 1052 ἐκ
280 981 400 1053 τούτου
426 981 487 1073 τὴν
514 982 591 1073 ζόην
617 988 672 1055 καὶ
692 982 733 1074 δὴ
751 988 807 1055 καὶ
824 989 952 1057 τοῦτον.
989 988 1063 1075 καὶ,
1090 983 1131 1057 ori
1153 985 1218 1079 γάρ
1234 985 1275 1059 τά

129 1082 241 1154 πάντα
268 1083 447 1175 ἐδυστύχεε
472 1080 490 1156 ό
512 1080 719 1178 Ἑρμότιμος,
746 1083 936 1159 ἀπικνέεται
963 1091 999 1159 ἐκ
1024 1091 1092 1159 τοῖν
1115 1095 1275 1181 Σαρδίων

129 1252 175 1301 nia
191 1243 252 1301 αἰτό
269 1252 299 1301 in
317 1252 408 1303 verbis
425 1243 479 1303 or'rr’
500 1247 591 1319 ἐογων
611 1245 678 1307 άνο·

130 1311 277 1370 σιωτάτων
294 1319 340 1382 (τω
355 1337 434 1385 opere
450 1324 616 1388 iniquissimo,
634 1328 677 1374 im·

126 1387 293 1453 probissimo)
301 1390 383 1455 attigi
397 1390 431 1440 sd
443 1391 489 1452 lv,
503 1391 544 1441 22.
558 1392 623 1448 VII,
635 1391 677 1443 28.

127 1456 171 1506 Ad
186 1455 259 1506 haec
272 1449 342 1522 ἔργα
358 1450 537 1509 α’νοσιιότατα
547 1461 616 1525 quod
627 1462 678 1510 No·

127 1530 188 1574 ster
203 1524 292 1574 refert
308 1518 363 1589 τὴν
379 1517 515 1592 ἐντομὴν,
537 1527 610 1578 idem
628 1529 677 1588 ΙΙΙ,

128 1592 249 1653 49(οο11.
261 1593 309 1654 VI,
322 1593 396 1655 932)
406 1595 476 1645 dicit
487 1593 603 1661 πρῆγμα
611 1588 679 1646 olsei-

128 1660 251 1711 stelin.
268 1662 300 1710 ln
310 1663 431 1726 proxime
441 1665 618 1729 sequentibus
627 1681 676 1730 pro

128 1719 281 1790 ἐντάμνων
292 1730 386 1780 Nabcr
399 1731 427 1780 in
440 1732 610 1796 Mnemosyn.
623 1733 674 1783 ΙΙΙ.

128 1813 155 1862 p.
172 1795 234 1848 391.
251 1796 301 1846 481
319 1800 462 1864 proposuit
478 1790 620 1865 ἐνταμών,
642 1817 676 1851 oe

127 1864 213 1929 paulo
224 1867 348 1915 antesin
356 1867 462 1917 verbis:
474 1867 593 1934 μεγίστη
604 1868 676 1926 τίσις

128 1925 198 1998 ἤδη
219 1922 395 1998 οἱδινηθέντι
418 1925 529 1999 ἐγένετο
546 1937 674 2001 Bnrgess.

126 2000 258 2066 Prolegg.
275 2002 305 2051 in
317 2002 468 2065 Thucydid.
482 2019 546 2068 pag.
561 2003 610 2054 105
628 2021 676 2070 pro

126 2057 186 2134 ἤδη
204 2069 291 2119 scribi
308 2069 367 2119 vult
380 2063 431 2136 dq'3
451 2076 576 2122 nentrum
590 2072 676 2123 edito·

126 2152 172 2186 res
185 2138 357 2188 recentiores
369 2145 546 2203 receperunt,
559 2155 612 2192 nec
625 2156 677 2206 ego

127 2205 320 2270 recipiendum
332 2206 406 2256 duxi.
443 2207 622 2258 Locutionem
636 2206 674 2258 εί-

128 2271 195 2330 δεος
208 2264 391 2337 ἐπαμμένους
403 2275 486 2339 attigi
499 2275 533 2326 ed
546 2277 571 2335 I,
587 2275 636 2326 199
648 2282 676 2327 et

127 2339 243 2390 crudele
259 2341 334 2391 istud
345 2344 484 2406 negotium
498 2343 676 2394 exscindendi

127 2407 268 2471 genitalia
286 2425 335 2475 per
350 2409 443 2463 Asiam
461 2411 619 2461 lectitatum
641 2413 675 2463 ad

126 2477 177 2537 ΙΙΙ,
190 2474 236 2526 48.
249 2476 296 2535 VI,
313 2475 350 2527 19.
364 2475 405 2528 32.
429 2479 471 2528 Dc
485 2479 573 2529 forma
587 2471 673 2544 ἐπαμ-

126 2538 236 2608 μένους
245 2544 577 2663 eontssredompagtllt.
600 2549 674 2598 Ean-

465 2614 530 2665 obct
558 2616 586 2665 in
598 2616 673 2666 Mne·

125 2612 190 2663 dem
207 2611 326 2662 formam
344 2628 430 2731 nuppr

126 2695 234 2743 mosyn.
247 2680 305 2731 XV.
323 2680 375 2745 p.l
413 2681 422 2743 )
439 2682 468 2731 in
485 2681 600 2733 stobaei
613 2683 675 2734 Flo·

126 2746 209 2813 rileg.
230 2747 358 2809 LXXIX,
377 2748 410 2798 bt
428 2754 504 2800 recto
521 2753 672 2814 revocavit,

127 2831 178 2879 pro
194 2814 272 2879 vulg.
291 2814 378 2873 θείας
395 2808 497 2880 φύσιος
519 2812 674 2884 πεπαμέ-

130 2897 191 2932 νον
203 2883 331 2933 scribens
344 2875 418 2948 ἐιιαμ
441 2878 515 2935 ένον.

161 2940 289 3016 α’γινέων
300 2943 404 3002 ἐπώλεε
418 2900 447 3010 ἐς
458 2946 569 3015 Σάρδις
581 2968 612 3004 τε
624 2950 674 3005 καὶ

119 3008 249 3082 Ἔφεσον
266 3014 417 3083 χρημάτων
432 3012 573 3087 μεγάλων]
592 3024 675 3073 Dece·

126 3087 171 3135 tot
186 3088 232 3136 ille
249 3087 310 3137 scil.
324 3103 421 3152 pucros
437 3096 565 3139 castratos
576 3090 675 3141 Sardes

129 3154 257 3219 eptem
293 3170 320 3213 ε,
342 3155 385 3205 ubi
401 3171 446 3207 eor
460 3158 537 3207 maltct
554 3160 675 3208 venderet

124 3222 246 3287 pecunid.
259 3171 384 3287 illioque
394 3225 466 3274 euim
475 3224 536 3275 loeo
546 3241 674 3290 magnum

126 3304 271 3340 senorum
281 3294 364 3355 atque
374 3291 556 3343 eunuchorum
568 3294 621 3343 fuit
632 3294 673 3344 io·

125 3374 187 3408 rnm
200 3358 448 3424 commerciumque
463 3361 492 3410 in
503 3362 597 3412 varies
609 3361 673 3412 inde

125 3425 271 3476 interioris
294 3427 456 3491 praesertim
474 3428 557 3478 Asine
580 3433 673 3494 partes

126 3493 317 3544 deductorum.
357 3495 388 3544 In
412 3510 441 3545 se
462 3512 487 3559 q.
510 3513 525 3545 e
549 3495 673 3562 pluribus

128 3561 208 3611 cedd.
222 3560 287 3610 dedi
300 3553 436 3626 ἐνορχίων
444 3511 488 3621 ἐπι
500 3564 547 3621 Vl,
558 3562 612 3627 32),
625 3565 673 3615 ubi

126 3629 176 3678 alii
189 3620 339 3693 ένοοχέων.
358 3630 400 3679 Tu
412 3629 467 3680 vid.
477 3630 594 3683 Bredov.
607 3648 671 3697 pag.

124 3695 186 3746 293.
224 3696 266 3746 Ad
283 3711 362 3760 quem
380 3697 468 3748 locum
484 3698 555 3750 haec
569 3699 672 3750 adscri-

126 3765 183 3830 psit
198 3765 229 3813 V
230 3763 393 3815 nictentur.
414 3764 491 3826 „Cur
503 3772 594 3817 antem
607 3767 672 3817 Per·

126 3848 176 3881 sae
186 3820 344 3897 εόνοόηους
354 3823 473 3883 ἐποίουν
479 3826 548 3892 νοός
558 3828 671 3894 καλοὺς,

125 3901 264 3949 rationem
278 3898 368 3950 reddit
378 3901 461 3951 Dion.
472 3900 611 3966 chrysost.
625 3904 673 3953 Or.

125 3967 186 4017 XX.
205 3982 271 4032 pag.
284 3965 373 4017 2703.
391 3967 446 4018 vid.
459 3968 560 4020 Herod.
573 3970 625 4029 Vl,
639 3970 673 4021 32

124 4036 249 4085 Brisson.
268 4034 405 4100 Deregn.
422 4035 498 4086 Pers.
516 4037 552 4087 11.
569 4054 594 4102 p.
612 4038 672 4089 295.

125 4103 159 4152 ln
171 4101 228 4152 hac
239 4100 371 4162 historia,
388 4107 500 4168 propter
516 4104 672 4156 crudelissi-

124 4185 210 4231 mam,
222 4184 303 4233 qnam
313 4169 347 4220 de
356 4170 484 4221 Panionii
494 4170 590 4222 liberis
600 4188 672 4224 sum-

124 4237 196 4303 psit,
213 4235 366 4287 vindictam
379 4237 528 4289 lectoribus
545 4240 620 4290 nulli
632 4241 672 4291 di·

125 4304 554 4425 ‘nffidp⁸¹⁰bit·fflflmtsst}nu⁸
565 4310 673 4427 1ιίὶίοοῖ

124 4388 160 4424 co
230 4410 237 4434 ,
257 4386 339 4437 quam
356 4388 385 4423 m
424 4389 439 4423 c
510 4390 580 4442 cnop
600 4392 636 4427 on

730 1254 905 1320 Cyropaedia
918 1251 963 1373 RV,
974 1255 998 1315 2,
1012 1253 1054 1308 ⁶28.
1066 1256 1099 1319 V,
1112 1254 1138 1319 3,
1154 1255 1184 1307 15
1196 1271 1272 1338 seqq.

730 1323 764 1385 V,
776 1323 801 1383 4,
816 1322 839 1372 l.
852 1323 911 1381 VII,
943 1321 1171 1390 ,30.ν111,4,ε]
1188 1324 1273 1375 facile

730 1391 852 1442 movebit
865 1390 1021 1442 Gadatas.“
1038 1392 1169 1444 Narravit
1181 1398 1273 1443 sutem

729 1459 830 1509 Noster
845 1457 916 1509 haec
933 1474 1016 1509 unam
1030 1475 1090 1509 cam
1103 1460 1137 1510 ob
1150 1476 1273 1525 causam,

729 1534 759 1576 ut
771 1525 860 1585 τίσιες
875 1526 950 1576 ἱΙΙίαο
966 1527 1021 1577 vim
1037 1527 1188 1593 insigniore
1201 1543 1273 1579 com·

729 1595 859 1659 probaret
876 1593 1013 1658 exemp103
1032 1610 1103 1659 quse
1121 1596 1183 1662 ipss
1199 1596 1273 1647 haud

728 1663 784 1712 alie
807 1662 865 1711 lere
889 1666 931 1712 cst
952 1669 1035 1727 etque
1052 1655 1177 1728 νέμεσις,
1201 1679 1272 1729 quae

727 1745 805 1780 snum
823 1731 921 1794 cuique
939 1729 1047 1791 tribuit,
1072 1731 1146 1781 insta
1165 1732 1272 1781 uuicui-

728 1813 780 1864 que
793 1813 827 1847 ac
836 1797 931 1847 debita
942 1812 1128 1860 remunerans,
1141 1798 1215 1849 bons
1226 1799 1273 1849 bo·

728 1867 784 1928 uis,
802 1864 876 1915 mals
888 1865 969 1915 malis
982 1865 1150 1931 rependens:
1172 1866 1272 1932 quade

727 1949 757 1984 re
774 1933 853 2000 plura
874 1932 1016 1983 attulimus
1038 1933 1073 1982 ad
1091 1934 1143 1995 VI,
1160 1932 1202 1984 64.
1225 1935 1271 1993 IV,

727 2000 791 2057 205:
816 2001 889 2052 conf.
915 2001 999 2051 etiam
1021 2001 1096 2052 iufra
1117 2001 1197 2063 VIII,
1225 2001 1272 2053 129

729 2068 791 2120 coll.
808 2067 864 2121 199.
898 2069 972 2119 Hinc
985 2070 1183 2120 Hermotimum
1195 2071 1270 2133 VIII,

729 2136 778 2187 10⁰
789 2139 888 2188 Noster
900 2137 1037 2187 dicentem
1054 2137 1137 2188 iacit:
1158 2128 1272 2198 ἐδόκεές

727 2219 757 2256 τε
770 2197 859 2263 θεοὺς
871 2198 968 2271 λήσειν
985 2198 1035 2255 olor
1047 2196 1181 2272 ἐμηχανῶ
1191 2200 1269 2258 τότε·

727 2270 762 2324 οἵ
775 2287 805 2324 σε
821 2266 981 2351 ποιήσαντα
998 2262 1115 2351 picticae,
1134 2266 1211 2341 νόμῳ
1228 2274 1271 2326 δι·
1294 2334 1300 2349 ⁵

727 2339 800 2405 ναίω
816 2354 970 2405 χηεωμενοι
991 2356 1142 2406 υπηναηον
1158 2358 1184 2393 ιι.
1203 2358 1227 2392 τ.
1245 2343 1270 2393 l..

726 2410 808 2459 Hanc
825 2423 890 2459 vero
911 2406 987 2465 τίσιν
1009 2408 1069 2458 sive
1091 2402 1206 2475 νέμεσιν
1222 2426 1271 2475 per

725 2476 859 2527 Herodoti
871 2476 965 2525 Musas
981 2490 1098 2539 regnare
1116 2478 1270 2543 scriptoris·

726 2560 778 2609 que
792 2543 883 2594 auimo
902 2542 959 2593 alte
971 2543 1132 2607 impressam
1144 2543 1269 2605 haerere,

726 2627 787 2663 cum
799 2611 871 2662 hanc
880 2610 915 2661 ob
925 2624 1037 2660 oausam
1047 2612 1226 2676 potissimum,
1240 2616 1272 2662 ut

726 2679 786 2731 scil.
804 2678 879 2730 illius
900 2679 957 2728 vim
980 2677 1132 2743 explicaret
1153 2682 1182 2729 et
1198 2695 1271 2731 com·

726 2751 902 2805 monstraret,
919 2745 1051 2797 historiae
1064 2746 1228 2798 scribendae
1240 2763 1270 2799 se

726 2816 835 2866 dedisse
851 2815 992 2877 videatur,
1015 2813 1087 2865 haud
1104 2830 1158 2865 uuo
1176 2832 1191 2866 e
1208 2816 1270 2870 loeo

726 2883 898 2947 intelligitur.
939 2883 1065 2932 Meminit
1088 2888 1179 2933 autem
1198 2885 1270 2935 eius·

726 2952 788 3002 dem
812 2951 853 3001 rei
870 2950 1029 3001 Athenaeus
1051 2966 1158 3017 quoque
1175 2952 1221 3002 vl.
1242 2969 1268 3018 p.

724 3018 814 3069 eoos.
833 3044 865 3054 -
887 3019 919 3068 ln
936 3033 1012 3084 seqq.
1031 3018 1094 3070 dedi
1118 3011 1148 3070 ἐν
1167 3014 1270 3071 τούτου

725 3079 779 3153 τήν
790 3077 859 3152 ζόην
870 3086 949 3136 libris
961 3087 1086 3151 scriptis,
1107 3103 1174 3153 quos
1187 3088 1269 3139 etiam

725 3160 875 3220 sequuntur
886 3154 1030 3205 Bekkerns
1041 3159 1069 3205 et
1081 3160 1197 3206 recentt.
1212 3155 1269 3206 edi-

726 3227 807 3283 tores,
817 3223 858 3272 its
868 3221 1035 3272 iubentibus.
1048 3222 1104 3272 Alii
1111 3216 1142 3274 ἐν
1152 3215 1268 3294 codron.

759 3283 795 3341 ου’
806 3282 861 3355 γάρ
872 3281 1175 3355 vindunitensem
1187 3283 1269 3355 οἘρ·

724 3351 854 3424 μόνιμος]
875 3358 891 3407 i.
910 3373 934 3406 e.
953 3358 1113 3423 nequeenim
1128 3373 1269 3425 usquequa·

725 3443 773 3493 ηιω
792 3427 884 3490 infelice
900 3431 958 3475 erat
972 3426 1152 3483 Hermotimus,
1170 3431 1201 3474 ut
1222 3428 1270 3492 qui

723 3509 856 3545 summum
869 3494 937 3542 licet
949 3493 1128 3543 infortunium
1137 3493 1270 3545 subiisset

725 3578 772 3623 eo,
792 3560 862 3627 quod
880 3563 1017 3611 castratus
1030 3565 1091 3610 eret
1102 3560 1208 3623 iactus,
1226 3568 1269 3613 te-

724 3646 786 3680 men
799 3644 930 3678 summam
943 3628 1014 3693 apud
1027 3644 1119 3693 regem
1132 3635 1194 3693 post
1207 3630 1271 3681 iniit

725 3698 856 3759 gratiam:
881 3696 952 3762 quod
969 3697 1078 3747 omnine
1095 3698 1217 3762 pertinet
1233 3700 1269 3749 ad

722 3766 816 3815 Nostri
845 3764 1025 3825 sententiam,
1056 3763 1211 3815 luculenter
1240 3766 1269 3817 in

724 3832 863 3883 Amasidis
874 3833 964 3882 literis
978 3832 1129 3898 expositum
1148 3832 1210 3894 (ΙΙΙ,
1224 3833 1266 3895 49,

723 3902 772 3951 ubi
785 3899 837 3951 vid.
851 3902 944 3962 nott),
965 3915 997 3949 ex
1010 3914 1064 3965 qua
1077 3914 1156 3950 nemo
1168 3904 1267 3952 morte·

723 3969 789 4018 lium
801 3983 906 4018 summa
923 3967 1060 4017 felicitate
1078 3972 1185 4027 utatur,
1202 3970 1267 4033 quin

724 4037 753 4085 in
770 4035 844 4086 male
861 4036 979 4096 incidet,
998 4050 1088 4099 neque
1104 4051 1208 4086 summo
1225 4037 1266 4085 in-

723 4104 854 4167 fortunio,
866 4119 955 4153 rerum
965 4103 1145 4153 secundarum
1156 4119 1267 4168 prorsus

724 4186 835 4237 expers,
857 4171 905 4220 sed
923 4172 1061 4221 fortunam
1077 4171 1106 4220 in
1122 4174 1267 4235 utramque

722 4243 828 4303 partem
835 4239 967 4302 pervices
977 4240 1091 4304 quisque
1101 4238 1265 4302 experiatur.

706 4306 823 4371 'Attigit
850 4305 921 4355 hacc
945 4320 1051 4372 quoque
1074 4304 1265 4356 Hoffmeister:

722 4372 977 4438 siclinii-religiose
983 4373 1169 4424 Weltansicht
1178 4373 1204 4422 d.
1210 4372 1265 4424 He-
