2866 5134
187 406 249 467 442
598 400 913 463 COMMENTATIO

186 574 371 643 ostendimus3
394 574 447 628 alia
463 575 533 628 hanc
550 575 579 628 in
599 592 656 629 rem
670 574 810 645 disputavi
824 575 853 628 in
868 575 957 627 Iahnii
971 582 999 628 et
1013 575 1115 628 lllotzii
1130 576 1200 630 Ner.
1210 574 1313 629 Annon·

184 658 288 730 philoll.
306 668 334 713 et
351 660 484 730 paedagg.
499 661 547 713 Vl.
563 679 590 730 p.
605 663 657 714 209
672 679 748 732 seq,
772 677 843 731 quae
859 661 902 714 hic
917 666 1042 731 repetere
1057 679 1111 715 non
1126 666 1210 715 vacat.
1250 661 1307 713 Nou

184 745 283 814 loquor
298 745 341 797 hic
357 745 389 798 de
404 745 455 811 iis,
472 763 543 816 quae
559 745 593 797 ad
608 746 694 815 ipsam
708 752 809 798 terram
824 746 940 819 eiusque
956 752 1081 799 naturam
1095 747 1244 816 pertinent,
1265 752 1308 797 aut

185 830 219 882 ad
235 830 374 897 animalia,
396 847 467 899 quae
482 830 626 900 Aegyptus
643 830 747 895 nutrit,
771 831 868 883 autad
883 831 1004 883 homines
1023 848 1171 903 eorumque
1183 849 1266 884 mores
1281 848 1309 882 no

184 921 268 967 totam
291 915 402 967 vivendi
423 915 570 983 rationem,
601 922 650 967 aut
677 915 711 967 ad
739 914 838 984 templa
864 915 972 985 aliaque
1000 922 1171 971 monumenta
1189 914 1308 981 miranda,
1408 900 1409 955 3

185 1018 255 1071 quae
270 1001 304 1052 ab
318 1000 458 1054 Herodoto
474 999 686 1067 describuntur3
706 1001 766 1070 ipse
782 1001 852 1053 enim
867 1001 933 1053 haec
946 1000 1016 1054 vidie
1031 1002 1214 1072 comperitque
1227 1000 1310 1068 Aegy·

184 1091 258 1155 ptum
274 1091 357 1137 totuin
372 1084 562 1154 perlustrans;
585 1084 634 1137 sed
646 1101 678 1137 ea
691 1084 861 1154 potissimum
877 1085 1016 1153 intelligo,
1033 1102 1105 1156 quae
1120 1094 1258 1156 praeterea
1270 1083 1311 1135 ille

185 1170 269 1222 tradit
292 1169 325 1221 ad
350 1169 499 1238 religiones
521 1168 675 1239 spectantia
697 1175 746 1222 aut
762 1170 796 1222 ad
815 1170 955 1224 historiam
970 1176 999 1223 et
1019 1187 1078 1224 cum
1099 1186 1133 1224 ea
1152 1172 1311 1224 coniunctam

184 1254 401 1322 chronologiam:
431 1272 519 1325 eoque
540 1255 710 1324 potissimum
731 1255 835 1323 resero,
857 1272 928 1326 qnae
949 1255 1009 1307 loco
1031 1257 1083 1308 iam
1103 1266 1190 1326 supra
1212 1254 1311 1306 laudato

184 1340 226 1405 ΙΙ,
250 1342 283 1393 99
301 1338 447 1407 leguntur:
475 1338 551 1409 μέχρι
567 1335 617 1408 μὲν
637 1335 739 1393 τούτου
757 1332 826 1409 ὄψις
844 1360 874 1395 τε
894 1334 944 1410 ἐμὴ
965 1338 1013 1394 sol
1034 1334 1140 1411 γνώμη
1151 1338 1200 1395 καὶ
1218 1337 1324 1406 ἱστορίη·

183 1426 270 1478 ταῦτα
292 1418 408 1492 λέςοοσοὶ
428 1418 498 1478 ἐστι·
529 1419 560 1477 cd
578 1417 686 1509 alunt
707 1426 790 1480 τοῦδε
804 1424 970 1494 Αἰγυπτίους
988 1423 1100 1495 ἔρχομαι
1121 1420 1312 1495 λόγοσςέςέον,
1408 1450 1409 1453 “

184 1504 255 1563 κατὰ
273 1502 394 1580 ἤκουον,
416 1507 562 1580 προσέσται
577 1506 607 1563 δὲ
621 1503 733 1564 αὐτοῖσί
746 1530 773 1564 τι
786 1510 835 1565 καὶ
855 1513 905 1580 τῆς
919 1505 985 1580 ἐμῆς
1000 1504 1095 1579 ὄψιος.
1125 1510 1312 1580 Aegyptiorum

183 1595 270 1663 igitur
287 1612 427 1648 sermones
449 1613 479 1647 se
498 1596 602 1647 reterre
623 1597 783 1664 profitetur,
806 1596 890 1666 idque
905 1613 961 1647 non
979 1597 1040 1649 sine
1055 1597 1185 1649 cautione
1199 1595 1312 1667 quadan,

183 1697 255 1750 quae
270 1679 339 1732 satis
355 1679 489 1746 ostendit,
512 1679 682 1732 Herodotum
698 1698 753 1732 non
770 1698 830 1734 eum
845 1680 947 1747 fnisse,
969 1681 1016 1751 qui
1033 1688 1086 1734 tem
1106 1680 1187 1733 facile
1207 1680 1259 1732 sibi
1271 1679 1313 1731 im·

183 1765 249 1835 poni
270 1782 370 1834 passus
387 1766 425 1816 sit
444 1770 492 1816 eut
512 1771 614 1818 temere
634 1764 712 1817 fidem
729 1767 848 1819 narratis
868 1764 1007 1818 tribuerit.
1047 1767 1222 1837 Heliopoliten
1234 1770 1315 1817 auten
1408 1784 1409 1789 ¹

184 1850 343 1903 sacerdotes
357 1856 385 1902 et
398 1849 580 1920 Memphiticos
594 1850 766 1918 potissimum
780 1851 883 1916 luisse,
899 1867 958 1903 cum
973 1851 1074 1922 quibus
1086 1850 1246 1904 Herodotus
1261 1852 1315 1918 (per

183 1934 349 2004 interpretes
366 1935 476 2007 opinor)
492 1940 621 1987 versatus
637 1934 689 2003 sit,
708 1935 759 1987 iam
774 1936 802 1988 in
820 1940 889 1988 nott.
903 1935 937 1987 ad
953 1936 990 2003 ΙΙ,
1006 1939 1022 1990 3
1041 1935 1116 2003 (Vol.
1133 1935 1156 1987 1.
1173 1953 1202 2004 p.
1216 1937 1278 2007 432)
1291 1942 1315 1986 et

183 2020 220 2085 ΙΙ,
239 2023 274 2073 99
287 2019 362 2091 (Vol.
374 2020 396 2070 Ι,
413 2038 441 2088 p.
452 2022 516 2089 941)
532 2019 748 2087 significavimus
756 2020 786 2089 ⁴¹)
802 2021 922 2089 indeque
938 2021 1018 2073 etiam
1033 2020 1105 2074 haud
1121 2021 1180 2072 scio
1196 2038 1229 2072 an
1246 2036 1315 2087 repe

183 2104 292 2157 tendam
309 2104 358 2170 sit,
377 2104 451 2174 quod
466 2104 499 2156 de
514 2104 618 2157 Thebis
633 2122 665 2156 ac
680 2105 822 2157 Thebanis
838 2107 920 2158 rebus
936 2106 1068 2174 pauciora
1079 2105 1161 2158 nobis
1177 2105 1318 2157 traduntur
1408 2098 1409 2115 ¹

183 2190 231 2255 (ci.
246 2190 284 2256 ΙΙ,
301 2193 332 2242 15
347 2188 441 2257 ibique
455 2191 554 2255 nott.)=
577 2206 737 2259 quamquam
750 2190 861 2243 Thebas
875 2207 985 2261 quoque
996 2191 1131 2244 Nostrum
1146 2190 1263 2256 adiisse,
1277 2205 1315 2240 su·

183 2275 308 2327 cerdotes
320 2273 513 2326 consulturum
528 2274 597 2326 satis
611 2282 688 2342 patet
700 2294 733 2329 ex
744 2276 795 2341 iis,
811 2293 881 2346 quae
896 2276 933 2343 ΙΙ,
949 2277 966 2329 3
982 2276 1122 2344 leguntur.
1150 2275 1215 2337 Quo
1230 2274 1316 2328 eodem

183 2359 242 2411 loco
260 2359 294 2411 de
315 2360 400 2411 rebus
415 2358 614 2427 Aegyptiorum
637 2361 724 2413 sacris
740 2361 845 2414 Noster
863 2361 930 2414 haec
949 2360 1126 2429 pronuntiat:
1148 2354 1185 2414 coi
1200 2356 1249 2429 μέν
1270 2376 1317 2411 νον

182 2448 250 2498 θεῖα
263 2445 320 2497 τοῖν
333 2437 537 2514 ἀπηγημάτων,
553 2440 599 2497 οἶα
614 2436 735 2515 ἤκουον,
751 2439 803 2499 οὐκ
816 2442 872 2514 εἰμὶ
888 2441 1034 2514 πρόθυμος
1048 2439 1225 2515 ἐξηγέεσθαι,
1239 2433 1317 2511 ituri

182 2524 216 2585 τὰ
231 2523 372 2597 οὐνόματα
386 2522 479 2584 αὐτῶν
494 2529 613 2600 μοῦνον,
632 2533 749 2598 sopitos
771 2524 878 2592 πάντας
891 2523 1062 2599 deliquimus
1077 2530 1140 2583 ἴσον
1156 2522 1316 2598 sraeleiteis

182 2611 363 2670 ἐπίστασθαι·
381 2608 416 2668 τὰ
431 2609 458 2669 d’
475 2605 511 2668 dv
523 2608 686 2684 ἐπιμνησθῶ
702 2610 809 2687 αὐτῶν,
829 2609 886 2670 ὑπὸ
902 2618 952 2670 τοῦ
972 2610 1057 2684 to'yoo
1071 2608 1316 2685 ἐξαναγκαζόμενος

182 2696 425 2770 ἐπιμνησθήσομαι
436 2697 491 2768 **).
530 2701 627 2770 ltaque
648 2718 701 2752 non
723 2720 756 2754 ex
779 2702 906 2771 professo
930 2702 965 2754 de
986 2701 1071 2754 rebus
1091 2702 1182 2754 sacris
1199 2700 1315 2770 ipsisque

183 2786 237 2839 diis
261 2805 292 2838 se
315 2785 481 2854 scripturum
504 2803 566 2837 esse
590 2783 727 2853 declarat,
754 2787 802 2839 sed
826 2786 915 2839 obiter
935 2792 1040 2839 tanturn
1060 2803 1111 2837 nec
1134 2785 1190 2838 nisi
1212 2786 1271 2855 ipsa
1289 2800 1315 2835 re

183 2871 262 2942 quasi
281 2877 417 2936 coactum;
440 2871 523 2941 idque
540 2870 578 2921 ita
593 2870 715 2938 peragit,
735 2879 780 2937 ut,
803 2871 906 2942 siquid
922 2871 1035 2940 prodat,
1058 2871 1133 2939 quod
1150 2871 1185 2923 ad
1202 2869 1315 2922 altiorem

183 2958 276 3009 harum
303 2971 392 3008 rerum
419 2956 560 3008 scientium
587 2955 737 3025 pertineat,
767 2957 873 3009 veniam
894 2974 910 3008 a
930 2956 984 3008 diis
1005 2955 1059 3008 sibi
1080 2956 1227 3023 petendum
1245 2961 1315 3023 putet

182 3041 239 3111 (ll,
256 3043 303 3093 45:
325 3036 374 3093 nui
396 3038 458 3108 περὶ
480 3036 529 3108 μὲν
546 3034 653 3093 τούτων
673 3042 792 3095 τοσαῦτα
811 3034 878 3111 ἡμῖν
897 3038 1005 3096 εἰποῦσι
1030 3038 1080 3094 sel
1107 3034 1204 3109 παρὰ
1229 3039 1315 3093 θεῶν

182 3123 231 3179 καὶ
252 3120 345 3193 παρὰ
367 3126 433 3178 τῶν
453 3119 577 3194 ἡρώιον
594 3118 760 3195 εὖμενείη
779 3124 1020 3196 eiqiatquealiis
1037 3124 1169 3187 loaisae,
1192 3142 1264 3195 quae
1279 3123 1315 3175 di-

182 3211 269 3263 cenda
284 3211 356 3276 sint,
373 3210 485 3265 silentio
500 3227 623 3280 premere
639 3210 726 3277 malit,
744 3229 777 3263 ne
793 3229 837 3264 res
851 3229 966 3264 arcanas
983 3211 1094 3263 effutire
1108 3210 1237 3263 videatur
1251 3207 1314 3279 (rid.

183 3296 225 3363 ΙΙ,
243 3299 287 3349 46.
304 3300 346 3349 47.
364 3299 407 3348 51.
425 3294 502 3361 ΠΙ),
526 3295 599 3348 inter
621 3294 673 3347 alia
693 3296 759 3349 haec
781 3297 926 3365 protessus
951 3297 994 3361 ΙΙ,
1015 3298 1064 3349 oo:
1086 3297 1143 3348 τῶν
1165 3292 1197 3348 δὲ
1217 3295 1315 3349 osso

182 3374 288 3435 ἀνεῖται
303 3374 337 3435 cd
348 3374 394 3449 ioci
406 3378 431 3434 sl
444 3379 562 3452 λέγοιμι,
576 3381 731 3452 καταβαίην
743 3372 779 3434 ἂν
789 3382 828 3453 τῷ
839 3374 911 3453 λόγῳ
922 3375 950 3442 ἒς
964 3372 1004 3434 τά
1018 3382 1102 3433 θεῖα
1116 3375 1313 3451 πρήγματα,

181 3460 221 3519 τὰ
237 3461 300 3535 lyei
317 3460 434 3536 φεύγω
449 3460 601 3535 μάλιστα
615 3460 851 3534 ἀπηγέεσθαι.
887 3466 957 3517 Cum
973 3465 1059 3534 igitur
1074 3466 1187 3519 maxime
1201 3463 1315 3531 refugiat

182 3551 215 3603 de
234 3552 317 3603 rebus
336 3552 423 3604 sacris
443 3552 547 3620 dicere,
569 3550 608 3604 nil
623 3551 733 3619 mirum,
753 3550 796 3603 rel
816 3551 848 3604 de
869 3551 981 3603 deorum
1001 3550 1163 3617 ordinibus,
1192 3549 1265 3620 quod
1276 3552 1315 3599 est
1408 3574 1409 3613 l

249 3732 274 3791 *l
293 3734 373 3784 Conf.
388 3735 472 3785 etism
485 3735 527 3797 11,
544 3734 598 3785 lot.
612 3734 669 3783 142.
698 3732 740 3783 Ab
757 3734 801 3783 his
816 3735 977 3784 secerdotum
995 3732 1178 3783 relationibus
1195 3728 1312 3781 benedi·
1408 3712 1409 3771 l

183 3803 300 3868 stinguit
311 3803 412 3853 Noster
424 3819 466 3863 eu,
481 3819 551 3869 quae
564 3819 613 3869 per
624 3808 788 3866 interpretem
801 3792 948 3866 (ἕρμηνέα)
962 3802 1071 3865 accepit
1082 3802 1119 3861 ll,
1135 3800 1192 3863 125,
1205 3799 1252 3849 ubi
1263 3795 1311 3847 vid.

182 3876 249 3921 nott
285 3869 364 3919 Unde
378 3871 449 3935 quod
460 3872 577 3936 Lepsios
590 3869 766 3936 (chronolog.
780 3871 805 3919 d.
816 3872 933 3936 Aegypt.
944 3871 966 3920 1.
981 3887 1006 3935 p.
1017 3868 1077 3933 248)
1091 3868 1166 3919 ellici
1178 3882 1258 3934 posse
1269 3879 1311 3929 pn·
1408 3858 1409 3885 Ι

182 3943 238 4000 tat,
255 3937 423 3988 Herodotum
441 3939 529 3988 rarius
548 3954 608 3988 cum
621 3939 690 4003 ipsis
703 3938 892 3988 sacerdotibus
910 3953 972 3989 esse
985 3936 1163 3997 collocutum,
1183 3952 1216 3985 sc
1228 3931 1311 3999 plera·

183 4022 234 4072 que
252 4005 354 4056 debere
370 4005 414 4055 his
431 4006 642 4071 interpretibus,
664 4006 818 4056 hominibus
837 4005 955 4071 plebeiis
974 4011 1056 4070 utque
1074 4004 1200 4063 rudibus,
1220 4016 1252 4050 ex
1268 4014 1309 4062 ge·

182 4089 249 4125 nere
263 4089 369 4133 eorum,
387 4073 434 4137 qui
450 4088 521 4122 mmo
535 4074 683 4124 Ciceroues
697 4075 768 4139 apud
781 4073 868 4125 ltuloa
879 4078 1027 4133 vocentur,
1045 4073 1143 4122 merito
1156 4071 1310 4121 adversatus
1408 4104 1409 4107 ,

183 4148 225 4193 est
241 4141 310 4191 Alfr.
329 4142 362 4192 ds
380 4140 541 4191 Gutschmid
558 4142 587 4191 in
603 4140 740 4207 Philolog.
758 4143 791 4192 X.
810 4159 835 4207 p.
854 4140 905 4192 643
917 4158 972 4207 seq.
992 4141 1027 4190 ad
1044 4140 1212 4190 Herodotum
1229 4137 1310 4201 ipsum

183 4212 242 4261 iure
263 4225 430 4275 provocans,
452 4209 498 4273 qui
516 4209 591 4274 ipsos
612 4210 771 4261 sacerdotes
789 4215 916 4260 auctores
933 4224 1041 4274 sempor
1059 4206 1165 4258 indicat
1182 4210 1262 4271 atque
1278 4199 1309 4251 ab

182 4277 225 4329 his
237 4277 434 4343 interpretibus
447 4277 531 4341 probe
544 4277 698 4344 distinguit.

249 4342 288 4409 **)
307 4345 386 4395 Coni.
400 4360 507 4410 quoque
517 4345 641 4396 Nitzseh:
656 4344 855 4409 „Herodoteu“
868 4345 895 4395 in
906 4351 1108 4411 programmate
1118 4334 1308 4404 Duisbnrgensi
1408 4374 1409 4401 ,

184 4416 247 4465 euni
261 4412 336 4464 1857.
353 4414 379 4463 4.
