2984 5154
16 1972 17 1977 ¹
110 1956 182 2015 VIII,
195 1957 222 2007 0.

468 364 674 426 URANIA.
699 366 789 424 VIII.
812 375 838 426 4.
862 376 887 428 5.
1231 368 1250 430 9

108 532 198 616 σούς.
227 530 273 616 ὥς
292 539 333 605 ds'
345 542 381 606 οί
395 526 491 617 οὗτος
502 533 736 623 ἀνεπέπειστο,
753 532 963 626 Ἀδείμαντος
981 534 1044 627 γὰρ
1061 531 1079 607 ὁ
1095 533 1249 626 Ὠκύτου,

107 644 291 727 Κορίνθιος
315 635 511 728 στρατηγὸς,
536 640 604 709 τιὸν
626 642 753 709 λοιπῶν
776 635 918 729 ἤσπαιρε
940 642 1079 730 μοῦνος,
1103 637 1250 730 φάμενος

105 734 372 809 insereremur
396 767 432 810 τε
461 736 525 810 ἀπὸ
549 743 609 810 τοὺ
636 736 841 830 Ἀρτεμισίου
864 743 919 811 καί
947 736 988 811 οὗ
1017 744 1249 832 παραμενέειν,

107 937 153 987 Gr.
177 939 225 988 Gr.
250 939 274 999 ᾗ.
292 938 355 1000 328,
377 938 394 989 3
416 946 489 1001 net,
512 941 558 1022 qpi
581 939 653 989 idem
704 955 763 990 mus
777 941 804 991 iu
817 946 885 991 nott.
900 941 935 990 ed
948 942 969 998 1,
985 941 1015 990 14
1029 947 1057 990 et
1065 941 1112 1003 IX,
1127 940 1182 993 100.
1200 941 1247 992 At-

106 1010 130 1065 5.
143 1004 194 1055 588
208 1008 245 1056 in.
265 1008 298 1057 de
312 1008 448 1057 locutione
462 1024 519 1068 παρ
547 999 654 1057 ἕωοτοῦ
704 1023 756 1073 que
775 1008 844 1058 alios
861 1014 891 1057 ut
908 1015 1030 1069 taceam,
1048 1025 1135 1075 nuper
1153 1010 1187 1059 de
1204 1009 1248 1061 his

108 1074 164 1135 (ubi
176 1075 252 1124 male
266 1076 330 1125 olim
343 1066 413 1138 παρ’
424 1067 528 1135 iovem)
539 1077 650 1137 monuit,
704 1077 832 1141 exposuit
843 1078 864 1125 Ι.
876 1077 994 1127 Schruut
1006 1079 1034 1126 iu
1046 1085 1248 1141 programmate

107 1138 213 1206 de‘qna
232 1144 329 1192 eedem
350 1150 511 1194 monuerunt
524 1144 653 1194 Kuehner
703 1144 881 1195 Iiestadiensi
903 1146 968 1194 anui
994 1144 1069 1193 1857:
1092 1145 1186 1195 Ueber
1204 1145 1248 1195 die

107 1210 153 1259 Gr.
172 1210 221 1259 Gr.
239 1213 264 1272 ξ.
283 1210 345 1269 ers,
360 1214 380 1261 1.
400 1218 427 1261 et
442 1212 564 1261 Fritseh:
585 1213 651 1260 Ver·
703 1213 866 1277 Bedeutuug
884 1212 933 1262 der
946 1213 1070 1265 l'artikel
1084 1208 1139 1278 γάρ
1153 1214 1249 1265 iudcn

107 1277 207 1341 gleich.
218 1278 360 1329 Beerbeit.
373 1278 422 1331 der
431 1279 540 1330 Griech.
552 1296 577 1328 u.
588 1280 650 1329 Lat.
702 1280 851 1330 seheiubar
871 1280 1116 1345 vorgeschoheneu
1137 1281 1247 1343 Sittzem

107 1346 214 1396 Partih.
228 1347 263 1397 11.
274 1363 338 1413 pag.
351 1348 414 1399 232:
427 1348 503 1398 velet
513 1349 599 1398 enim:
619 1349 651 1398 de
702 1348 834 1398 Herodoti
847 1348 918 1398 bene
937 1364 1039 1398 memor
1051 1364 1114 1415 pag.
1128 1349 1143 1397 l
1161 1354 1190 1398 et
1200 1365 1248 1414 po·

105 1430 149 1463 ruo
171 1431 248 1471 aere,
274 1417 306 1465 de
326 1418 378 1466 εαὶε
395 1416 495 1481 opttus,
519 1432 566 1466 oon
588 1416 650 1471 rich.
702 1417 838 1467 tissimum
854 1432 917 1481 pug.
936 1416 1058 1483 ilseqq.
1092 1416 1188 1482 Neque
1201 1417 1248 1466 du·

107 1483 124 1531 i.
137 1498 161 1531 e.
180 1499 229 1532 ares
245 1485 333 1533 sciren
350 1488 455 1549 τίμτοοα
472 1485 586 1541 Mincio,
606 1500 652 1533 ααε
703 1485 751 1533 bia
768 1486 829 1549 ipsu
846 1484 982 1534 Herodoti
998 1485 1151 1534 sententia:
1176 1484 1249 1535 The·

104 1553 196 1600 rer'mr
214 1552 365 1616 Vermopen.
393 1554 434 1601 Ex
446 1553 586 1602 Herodoto
598 1551 652 1601 huc
703 1551 844 1603 mistoeles
862 1553 934 1603 euim
947 1567 1008 1603 curn
1021 1552 1173 1615 Eurybiadi
1188 1568 1248 1617 per-

106 1619 246 1682 pertinent
257 1619 314 1669 loci
327 1620 368 1681 11,
390 1618 446 1671 129.
459 1621 523 1681 vll,
538 1618 584 1682 29,
604 1619 651 1670 ubi
704 1620 849 1681 suasisset,
862 1626 920 1669 tum
933 1621 968 1670 ud
980 1618 1163 1682 Adimantum,
1178 1620 1249 1685 quod

106 1686 158 1735 vid.
181 1692 251 1736 nott.
289 1687 479 1737 Similimodo
500 1687 653 1752 Xenophon
703 1688 784 1739 hicce
807 1701 876 1738 unus
899 1704 913 1737 e
938 1689 1057 1738 caeteris
1080 1687 1249 1738 Graecorum

108 1753 215 1804 Hellen.
240 1755 293 1817 VI,
321 1754 347 1815 1,
370 1756 386 1806 3
416 1744 496 1819 παρ’
524 1747 653 1805 ἑαυτοῦ
704 1756 820 1806 ducibus
833 1755 1030 1818 reluctabatur,
1046 1757 1166 1806 accessit
1176 1756 1249 1805 idem

112 1822 283 1882 προσετίθει.
319 1823 360 1872 Ad
376 1839 454 1874 usum
467 1823 584 1875 voculae
601 1821 651 1889 δή·
703 1824 767 1874 huic
790 1838 979 1889 persuasurus.
1014 1824 1105 1888 Atque
1127 1825 1249 1873 Adiman-

113 1888 165 1938 θεν
179 1890 252 1943 euni.
269 1890 356 1941 allata
374 1891 409 1942 ad
426 1892 481 1954 111,
498 1892 539 1942 74.
575 1892 651 1942 Adde
702 1898 753 1941 tum
766 1907 826 1941 curn
843 1891 924 1941 laude
938 1896 1132 1941 commemorat
1144 1892 1248 1957 Lycur-

16 2082 17 2095 *
137 2016 173 2084 ὥς
197 2020 233 2076 δέ
257 2021 289 2075 oi
311 2013 394 2085 οὗτος
416 2017 603 2078 ἀνεπέπειστο
624 2044 651 2078 ιι.
703 1960 1014 2091 lllltlnilllllirelihlrldse
1027 1958 1248 2093 dihocpddptdedd)

16 2106 17 2145 1
105 2110 119 2142 τ
145 2091 178 2159 A]
198 2095 289 2144 Deest
307 2095 341 2145 ad
359 2095 429 2145 haec
447 2096 533 2145 verba
550 2096 651 2161 epodo·
702 2089 885 2161 seriosissimus
903 2094 952 2145 nul
969 2085 1146 2157 Ἀδείμαντος
1165 2085 1248 2145 dKu·

16 2170 18 2249 ζ
105 2163 154 2222 sis,
184 2178 272 2228 quae,
299 2178 409 2212 sensum
432 2165 455 2213 si
480 2163 650 2310 respicimun
703 2162 818 2242 ρίνίιιος
835 2160 884 2215 ναί
897 2157 928 2213 τὸ
939 2158 1100 2229 Αἰγινητῶν
1112 2158 1249 2213 ναυτικὸν

106 2231 263 2280 continetur
279 2231 386 2281 uerbis:
409 2224 516 2297 πρὸςδ
550 2231 652 2282 τοῦτον
702 2224 759 2281 ὑπο
783 2225 872 2282 νύκτα
900 2225 954 2296 τήν
982 2231 1126 2296 σωτηρίαν
1149 2222 1249 2289 αὐτοῖς

16 2304 17 2327 ¹
106 2290 167 2348 εἴτε
184 2288 202 2348 ὁ
222 2293 429 2364 Θεμιστοκλέης
446 2292 600 2361 ἔπομοοας,
623 2300 651 2349 iu
704 2293 820 2363 ἔμελλον
832 2298 1016 2363 πορίζεσθαι,
1036 2299 1176 2364 inquibus
1188 2314 1247 2348 vcr-

107 2367 204 2431 quibus
227 2359 300 2429 πρὸς
321 2365 425 2417 τοῦτον
450 2367 544 2417 addite
565 2370 650 2433 parti·
701 2368 745 2418 bis
758 2368 917 2424 Eteonicum,
936 2383 1015 2431 quem
1027 2366 1100 2417 bello
1113 2366 1247 2430 Pelopon·

108 2433 167 2483 eult
185 2428 223 2498 δὴ
246 2439 356 2500 spectat
374 2435 409 2485 ad
426 2435 602 2485 Adimantum
622 2437 651 2485 iu
702 2436 815 2486 nesiaeo
846 2435 1129 2485 Lacedaemoniorum
1164 2434 1248 2483 classi

108 2502 246 2552 sententie
271 2504 392 2567 proxime
415 2503 601 2568 praecedente
623 2508 652 2555 et
702 2504 858 2568 praefuisse
887 2519 901 2552 e
925 2502 1116 2566 Xenophontis
1138 2501 1247 2551 Hellen.

110 2586 154 2634 per
176 2570 344 2636 particulam
367 2564 421 2634 yolo
440 2571 520 2621 illata
537 2588 654 2625 comme·
705 2572 731 2629 I,
745 2570 774 2631 e,
788 2569 821 2620 26
834 2576 954 2629 constet,
974 2585 1077 2620 vocans
1096 2575 1188 2619 oretur
1200 2586 1248 2633 pro

111 2644 255 2688 moratum:
275 2653 345 2703 quae
363 2640 575 2689 sententiarum
589 2655 652 2689 oeu—
706 2638 855 2702 Eurpbr'urie
868 2636 985 2699 fallitur)
998 2637 1117 2701 itemque
1128 2635 1246 2685 Pseudo·

110 2721 163 2755 sam
176 2707 331 2769 contiueat,
344 2707 521 2772 praeponitur
533 2724 566 2757 ex
579 2723 653 2757 more
705 2705 865 2772 plutarchus
876 2702 1058 2755 DeHerodoti
1068 2703 1179 2768 maligu.
1188 2720 1247 2768 cap.

110 2773 240 2824 Herodoti
265 2772 329 2823 aliis
347 2790 452 2839 quoque
471 2776 539 2825 locis
558 2776 599 2825 sic
615 2775 654 2825 lo·
705 2772 921 2839 sonipedis)
933 2773 1069 2822 adiicicns
1080 2773 1249 2837 epigramma

110 2846 228 2905 quentis:
242 2842 300 2891 rid.
310 2858 380 2905 quae
391 2844 547 2893 notavimus
557 2843 653 2893 dehoc
704 2843 762 2892 sive
782 2841 952 2907 epitaphium
969 2856 986 2890 a
999 2838 1138 2890 Simonide
1156 2840 1197 2901 (ut
1215 2855 1250 2890 ex

110 2924 155 2958 usu
168 2910 243 2969 adl,
257 2909 283 2958 8.
297 2910 330 2959 24
343 2916 371 2960 et
384 2911 445 2960 add.
459 2912 486 2973 Ι,
501 2910 542 2961 30.
555 2909 597 2961 85.
610 2909 652 2961 07.
704 2910 849 2975 Antholog.
868 2906 958 2959 Pelet.
972 2908 1038 2969 VII,
1059 2906 1108 2957 347
1127 2913 1155 2956 et
1166 2909 1246 2959 Diou.

114 2975 164 3026 tre.
182 2977 237 3027 155.
254 2977 380 3031 174.111.
401 2976 449 3027 120
467 2978 533 3031 coll.
547 2978 602 3028 150.
618 2979 652 3039 V,
704 2978 844 3041 Chrysost.
862 2977 1004 3037 XXXVII,
1024 2974 1087 3033 526,
1107 2976 1154 3024 ubi
1176 2976 1247 3026 idem

111 3042 148 3094 01.
160 3046 206 3107 Vl,
222 3045 230 3093 Ι
239 3044 260 3094 l.
275 3044 330 3096 102.
344 3044 651 3107 loe.vl1,re.v111,8;
705 3062 815 3096 carmen
835 3046 986 3111 profertur,
1009 3043 1201 3107 intelllgimus)
1220 3045 1248 3093 in

112 3127 195 3176 neque
208 3113 291 3163 aliter
303 3105 375 3164 u’lid
389 3106 457 3179 γάρ,
472 3115 505 3163 de
520 3129 570 3178 quo
583 3114 652 3163 duri-
702 3114 843 3165 Adimanti
855 3112 966 3163 leudem
977 3111 1173 3177 couscriptum:

293 3202 376 3295 οὗτος
392 3206 573 3335 ’Λμειμοίντοο
590 3214 689 3294 κείνρν
706 3206 811 3280 τάφος,
831 3201 865 3265 οὗ
885 3205 933 3264 διὰ
952 3205 1058 3279 βουλάς

346 3282 439 3342 Eleae
472 3282 627 3347 λευθερίας
639 3278 789 3348 αμφὲθετο
807 3277 960 3346 στέφανον.

115 3383 152 3433 Tu
168 3386 221 3435 vid.
240 3387 379 3447 Fragmm.
396 3385 528 3436 Simonid.
546 3402 586 3435 nr.
604 3384 652 3435 100
702 3387 824 3451 proxime
845 3383 990 3449 sequentia
1014 3378 1070 3432 triv
1091 3380 1198 3432 λοιπῶν
1219 3383 1247 3431 in

116 3452 309 3503 Schneidewin.
328 3459 356 3503 et
373 3469 412 3503 nr.
429 3453 477 3505 103
497 3454 587 3504 Poeu.
612 3455 651 3515 ly·
702 3454 826 3519 pluribus
840 3451 918 3502 codd.
932 3451 1038 3501 desunt.

117 3520 176 3571 ricc.
189 3521 304 3572 Graeco.
324 3520 366 3571 ed.
380 3522 483 3586 Bergk.
501 3521 577 3586 (pag.
590 3520 650 3584 003)
736 3510 871 3586 ἤσπαιρε]
903 3518 989 3569 Affert
1011 3517 1109 3568 Suidas
1132 3532 1154 3566 s.
1178 3535 1204 3567 u.
1225 3519 1245 3567 1.

118 3586 187 3637 Cous.
210 3591 294 3639 etiam
311 3589 450 3639 Analectt.
473 3595 542 3640 vett.
564 3592 649 3655 politi.
703 3605 767 3654 pag.
776 3588 807 3637 81
821 3590 937 3651 itemque
948 3585 1074 3636 Eustath.
1086 3585 1121 3635 ud
1131 3585 1174 3635 Ili.
1183 3602 1246 3653 pag.

119 3653 222 3707 Graece.
236 3658 257 3708 1.
273 3675 299 3723 p.
315 3656 371 3708 133.
385 3673 424 3707 nr.
437 3657 480 3706 41.
702 3657 760 3715 410,
769 3657 800 3706 34
813 3672 834 3705 s.
843 3654 931 3715 eser,
943 3655 990 3704 ubi
1000 3644 1153 3717 αόπαίρειν
1162 3654 1246 3703 iuter-

146 3723 300 3785 Κορίνθιος
321 3719 485 3791 στρατηγὸς]
509 3726 651 3775 Revocari
704 3730 827 3789 pretatur
845 3722 1073 3787 προθυμεῖσθαι.
1109 3720 1247 3786 Schweig·

117 3806 170 3840 turn
182 3792 336 3859 Schweigh.
351 3799 379 3842 et
391 3793 479 3843 Gelai.
493 3792 652 3853 Κορίνθιος
703 3794 855 3843 heouserus
871 3807 932 3841 cum
951 3790 1034 3840 Porto
1051 3796 1083 3839 οι·
1096 3789 1248 3839 Wesseliu·

117 3860 214 3911 ceodd.
228 3876 378 3921 censensu,
397 3867 427 3911 ut
444 3862 523 3923 VIII,
539 3860 573 3913 04
591 3863 651 3912 init.
703 3862 749 3927 gio
766 3862 977 3925 iuterpretatur:
999 3874 1066 3921 proc
1082 3862 1147 3907 ructu
1162 3860 1247 3920 pulpi-

117 3927 218 3978 EtenIm
237 3929 417 3991 Schaelerus‚
437 3946 516 3994 quem
534 3934 651 3979 receutt.
702 3929 788 3987 tubat,
810 3926 967 3992 trepidabat.
1002 3926 1137 3991 Equidem
1155 3924 1248 3974 malim

118 3994 173 4045 edd.
185 4002 347 4061 sequnntur,
362 3997 473 4062 scripsit
485 3995 652 4059 Κορινθίων
704 4013 764 4046 cum
782 3996 865 4045 Valle
882 4001 909 4044 et
921 3992 1121 4043 Valckenario:
1140 3996 1249 4042 relectu-

118 4061 235 4114 iuductus
253 4066 349 4131 opinor
365 4065 463 4115 Vullac
486 4067 651 4129 interpreta-
703 4065 792 4126 betur,
806 4062 993 4115 obtrectabutur,
1007 4067 1038 4111 ut
1051 4062 1101 4120 IX,
1119 4059 1173 4108 110.
1189 4061 1247 4109 Ari·

117 4130 194 4193 tione,
207 4133 252 4197 qui
265 4132 390 4183 exhihuIt
402 4133 598 4188 Corinthiorum,-
612 4132 651 4182 al·
703 4133 766 4182 sud.
780 4134 801 4181 I.
821 4148 846 4195 p.
860 4130 911 4182 356
928 4146 949 4178 s.
963 4129 1013 4179 545
1025 4128 1109 4178 iliud.
1144 4128 1248 4178 Probat

119 4200 172 4247 tero
188 4205 292 4260 tumen,
312 4216 390 4265 quem
408 4201 501 4259 attuli,
526 4200 586 4250 loco
605 4217 651 4250 ne·
702 4199 855 4249 Blomticld.
880 4200 908 4248 in
926 4198 1046 4248 Glossar.
1066 4196 1099 4245 ad
1118 4194 1247 4258 Aeschyli

120 4279 165 4327 que
177 4268 340 4318 Schaeferus
352 4284 439 4334 neque
453 4269 553 4334 reliqui
566 4268 652 4319 edito·
703 4269 778 4318 Pers.
792 4266 851 4327 970,
865 4266 913 4316 ubi
924 4266 979 4315 vid.
1009 4266 1041 4313 In
1053 4264 1125 4314 hauc
1138 4268 1247 4312 senteu-

121 4346 159 4382 res
174 4336 316 4401 quidquem
338 4341 485 4387 mutarunt.
504 4364 536 4373 -
559 4335 652 4386 Verba
702 4337 771 4385 tiam
806 4335 891 4385 etiam
919 4333 1019 4398 Negris
1050 4333 1248 4396 interpretatur
