2952 5156
246 414 308 475 114
678 399 950 463 HERODOTI

246 604 324 668 pov,
360 573 503 657 πολλοὺς
526 579 594 644 τῶν
617 575 778 664 Περσέων
795 569 1021 659 ἀνεβίβασαν·
1057 573 1154 639 τοῦτο
1179 569 1232 657 di,
1267 564 1369 653 ἐπειδὴ

248 684 396 767 ἐγίνοντο
413 679 510 766 μέσαι
527 674 662 763 νύκτες,
685 671 813 762 ἀνῆγον
830 673 892 762 μὲν
909 670 946 742 τὸ
969 668 1027 741 ἀπ’
1049 674 1189 760 ἑσπέρης
1212 672 1304 759 νέους
1319 697 1369 737 au

246 777 422 868 κλούμενοι
446 774 528 867 πρὸς
549 774 612 864 τὴν
634 785 823 865 Σαλαμῖνα·
848 770 974 862 ἀνῆγον
999 773 1036 842 δὲ
1060 777 1095 842 οἱ
1109 767 1194 861 cippi
1217 768 1276 858 τὴν
1292 768 1370 840 Κέον

246 909 283 953 τε
306 883 362 951 καὶ
385 877 447 969 τὴν
464 876 686 969 Κυνόσουραν
708 878 919 969 τεταγμένοι,
946 872 1100 963 κατεῖχόν
1122 901 1157 942 τε
1174 875 1266 963 μέχρι
1281 880 1410 942 Mosco

280 1036 391 1111 α’νῆγον
402 1036 456 1108 μὲν
468 1035 498 1094 τὸ
508 1033 563 1093 ἀπ’
573 1032 693 1107 dunione
704 1036 791 1106 κέρας
842 1041 883 1091 sle
905 1035 1148 1098 circumdederint,
1171 1042 1202 1087 ut
1219 1037 1371 1088 Graecorum

246 1105 436 1177 κυκλούμενοι
452 1127 477 1161 κ.
497 1127 520 1160 τ.
538 1107 575 1176 L]
594 1111 686 1160 Locus
703 1111 791 1174 imps—
841 1122 928 1158 naues
946 1122 1036 1173 neque
1052 1106 1185 1158 orientem
1206 1119 1291 1186 nsque
1307 1102 1371 1153 ocei-

248 1181 344 1237 ditior,
372 1195 452 1245 quem
481 1179 527 1243 vix
555 1182 630 1228 reete
655 1175 792 1226 intellexit
842 1176 952 1225 denmm
973 1188 1070 1225 versus
1086 1174 1230 1225 discedere
1251 1172 1312 1221 rude
1331 1186 1372 1235 po·

247 1246 457 1326 Wssseliugius.
497 1246 574 1325 Num.
589 1237 622 1325 ab
646 1238 733 1309 κέρας
756 1243 790 1293 de
841 1244 959 1305 tuerint,
978 1241 1215 1322 quippeundique
1229 1239 1372 1317 conclusae.

245 1312 791 1446 ttttltllthtttltzltt‘tttl:
841 1305 1373 1443 liittltltlttttlltittt

196 1495 203 1504 .
247 1449 404 1500 tellexisset
427 1447 491 1513 (quo
514 1463 596 1497 sensu
617 1461 684 1497 saue
704 1440 792 1510 κέρας
842 1447 980 1496 meando
1000 1444 1118 1495 nauibus
1139 1442 1271 1510 loquitur,
1294 1442 1331 1490 ita
1349 1444 1375 1489 ut

247 1517 321 1583 apud
337 1517 464 1566 Strabon.
477 1516 524 1565 lx.
543 1531 570 1581 p.
587 1512 638 1564 cut
655 1530 678 1564 a.
696 1511 746 1564 395
757 1514 791 1563 A.
843 1513 946 1563 Graeci
960 1513 1133 1564 occidentem
1155 1525 1251 1562 uersus
1272 1522 1319 1575 per
1334 1521 1376 1557 eas

247 1584 310 1635 coll.
328 1583 445 1634 Salmas.
467 1583 502 1633 ad
523 1581 609 1633 Solin.
632 1597 697 1647 pag.
721 1579 790 1643 tlt),
844 1581 928 1630 maris
951 1580 1107 1645 angustias,
1133 1594 1204 1644 quae
1226 1593 1308 1645 prope
1325 1576 1376 1625 Me·

247 1656 357 1718 postea,
377 1655 526 1701 commotus
543 1650 712 1714 potissimum
729 1647 792 1698 loeo
844 1663 912 1713 gara
924 1653 988 1698 sunt
1020 1646 1210 1712 effugereuou
1222 1648 1376 1712 possent-

247 1718 405 1770 Herodoteo
427 1718 505 1775 vm,
526 1715 573 1779 85,
598 1717 632 1766 de
654 1717 792 1765 Persarum
843 1715 963 1765 Verbum
1002 1707 1101 1779 νάγειν
1116 1714 1225 1765 omuino
1239 1710 1377 1763 esaeuidu·

247 1787 345 1837 elnonis
359 1800 443 1836 cornu
459 1785 518 1835 sive
536 1789 615 1850 parte
627 1783 698 1833 haee
712 1799 791 1834 acce·
844 1790 901 1833 tur:
920 1798 997 1833 naues
1014 1787 1151 1832 estatione
1164 1783 1325 1847 umorisque,
1342 1777 1379 1827 ubi

247 1854 301 1919 pit,
319 1853 502 1904 dissentiente
519 1850 791 1916 Schweighaeusero,
844 1850 947 1901 stabant
960 1852 1073 1916 quastus,
1092 1853 1147 1900 loco
1163 1865 1263 1901 movere
1274 1850 1377 1913 atqreeur

247 1921 341 1987 quide
353 1921 521 1971 Graecorum
534 1918 625 1969 classe
643 1923 671 1969 et
684 1918 794 1983 quidem
843 1935 913 1968 more
928 1921 1004 1967 altura
1020 1920 1122 1967 ducere.
1158 1916 1240 1967 Conl.
1253 1911 1378 1981 supraal·

248 1985 793 2118 31114οὲῗὲοῗκῗὲἒῗὲἒὲᾆῗηῖἱίὶ
843 1980 1377 2118 lltthllllllllflulllhs.

248 2128 277 2171 et
299 2120 475 2171 interclusuri
499 2124 591 2178 erant,
617 2119 791 2184 cogitandum
842 2120 997 2172 Blomiicld.
1013 2120 1155 2170 simillima
1172 2120 1253 2185 plura
1266 2118 1378 2169 excitau-

248 2188 448 2249 conscensus,
471 2175 582 2252 οἷνῆγον
602 2185 727 2237 absolute
745 2203 791 2237 uc·
841 2193 897 2238 tem
912 2188 947 2238 ad
959 2187 1089 2251 Aeschyli
1102 2186 1226 2253 cnoeph.
1239 2186 1297 2237 282.
1323 2180 1378 2232 Vid.

247 2256 405 2321 cipiendum
419 2269 479 2304 esse
491 2260 568 2304 ratus
580 2253 642 2304 scil.
651 2246 703 2329 τὰς
715 2247 791 2312 νέας.
844 2256 975 2307 Herodot.
988 2256 1035 2311 IV,
1050 2254 1106 2304 181.

246 2323 382 2388 Equidem
395 2321 479 2371 malui
497 2337 581 2373 voces
597 2316 629 2371 τὸ
644 2311 686 2371 circ
712 2313 791 2373 ἕσκέ-
878 2313 1148 2389 οΐᾰμφὶτήνΚὲον
1163 2313 1379 2386 τεκαὶτὴκλυ-

247 2406 300 2454 ρας
317 2383 402 2453 κέρας
420 2390 524 2439 referre
542 2390 577 2439 ad
593 2381 704 2455 οἷνῆγοκ
722 2390 792 2439 clas·
844 2383 986 2455 νόσουραν
1002 2384 1218 2507 κεταγμὲνοιὶί.
1231 2407 1255 2440 e.
1270 2389 1334 2453 „qui
1349 2383 1379 2434 ad

247 2472 359 2522 nemque
382 2456 539 2522 intelligere
560 2458 720 2519 Persarum,
746 2458 793 2522 qui
844 2458 929 2509 Ceum
946 2464 975 2508 et
987 2457 1156 2522 Cynosuram
1194 2457 1315 2508 abebant
1329 2458 1378 2504 sta·

247 2540 332 2576 cornu
345 2523 454 2588 (classis
466 2524 545 2589 suae)
559 2525 601 2585 id,
615 2525 687 2590 quod
699 2525 735 2575 ad
747 2542 791 2575 oc·
844 2527 955 2587 tionem,
969 2527 990 2575 ii
1003 2541 1109 2590 quoque
1120 2528 1233 2577 ancoris
1242 2523 1336 2577 solutis
1347 2519 1380 2570 al·

247 2608 343 2643 casum
359 2593 519 2657 spectabat,
537 2594 675 2642 moverint
690 2608 713 2642 s.
732 2609 792 2658 pro·
844 2598 900 2643 tum
912 2594 1047 2643 tenebant
1056 2608 1191 2657 omneque
1205 2594 1303 2644 fretum
1315 2592 1380 2639 husu·

246 2661 376 2710 duxerint
390 2659 559 2710 Salaminem
577 2675 686 2721 versus,
711 2676 792 2725 quam
844 2661 901 2723 lae,
916 2663 970 2726 qui
982 2663 1115 2711 transitus
1127 2662 1158 2710 fit
1171 2676 1206 2711 ex
1218 2661 1325 2720 Attica,
1339 2672 1380 2706 aa·

246 2728 364 2778 insulam
374 2728 561 2778 circumirent.
573 2729 613 2777 Ae
623 2727 791 2779 benelilotz.
842 2729 959 2796 plebaut
979 2730 1014 2778 ad
1031 2729 1209 2793 Munychiam
1227 2743 1311 2793 nsque
1331 2739 1379 2775 rne-

247 2795 294 2859 (ad
306 2795 565 2860 LneianiDialogg.
576 2800 666 2845 mortt.
676 2811 739 2860 pag.
747 2795 791 2859 47)
843 2796 940 2846 ridiem
957 2802 986 2846 et
1002 2797 1137 2847 orientem
1154 2812 1253 2847 remus
1270 2791 1380 2861 porreeti

246 2862 495 2927 breviloquentiam
505 2864 639 2912 orationis
649 2862 790 2925 hicnotat‚
844 2865 878 2915 ob
895 2864 1009 2913 nimiam
1025 2864 1137 2913 navium
1156 2857 1380 2915 multitudinem.“

248 2945 302 2993 qua
313 2943 396 2979 voces
408 2922 440 2978 τὸ
452 2919 501 3006 ᾆκί
514 2919 634 3007 ἑσπέρας
646 2925 732 2993 κέρας
744 2946 791 2995 po·
842 2959 876 2968 —
887 2932 943 2981 Ubi
956 2932 1002 2996 qui
1015 2931 1050 2981 de
1064 2933 1114 2982 Ceo
1129 2931 1222 2982 insula
1234 2932 1380 2996 cogitante

246 3001 348 3075 uantur
359 3011 419 3074 ppo:
438 3010 471 3047 το
479 3012 550 3058 προς
561 2990 684 3061 socioso
695 2992 790 3061 κέρας,
843 3000 956 3064 regione
974 3000 1052 3049 Sunii
1075 3001 1131 3049 sita
1149 3000 1230 3049 etde
1250 2999 1381 3063 wasurar

246 3078 290 3127 αφ
321 3076 451 3126 scurrone.
487 3064 560 3113 Hinc
578 3070 653 3115 reete
672 3065 712 3114 sic
729 3066 789 3114 red·
841 3067 1013 3116 Marathonis
1040 3069 1242 3133 promontorio,
1272 3065 1307 3116 ad
1332 3064 1381 3114 Eu·

247 3130 289 3181 dit
300 3129 469 3191 Leukefflie
480 3130 587 3180 Demcn
596 3131 712 3181 Attica'a
724 3148 788 3197 pag.
842 3134 939 3184 bosam
957 3139 1116 3199 spectante,
1135 3137 1181 3185 cui
1198 3150 1273 3185 nunc
1289 3145 1381 3182 nomen

249 3196 322 3260 197);
344 3197 410 3260 „aie
426 3196 483 3261 (die
502 3198 611 3260 Perser)
631 3207 719 3265 rogen
737 3199 790 3249 den
842 3200 901 3266 Cap
924 3200 1043 3262 Carula,
1070 3217 1122 3267 quo
1143 3203 1256 3253 scilicet
1274 3208 1380 3263 utroque

246 3264 352 3330 Flugel
364 3265 439 3314 ihrer
451 3264 558 3326 Flotte,
576 3267 625 3316 der
641 3267 713 3318 uach
725 3268 790 3317 We·
842 3268 903 3319 loeo
915 3269 1060 3319 Perssmm
1072 3285 1158 3319 nares
1170 3269 1320 3320 habuerint
1330 3274 1380 3318 ata·

247 3339 308 3382 sten
320 3332 414 3395 stand,
434 3333 520 3384 nither
536 3333 636 3395 heran,
654 3350 699 3384 um
711 3334 790 3384 Sala·
841 3337 956 3398 tionem,
983 3338 1037 3401 qua
1057 3337 1157 3387 relicti
1181 3354 1268 3403 prope
1290 3337 1380 3397 Many·

246 3402 299 3450 mia
311 3400 512 3463 auumstellen;
526 3401 596 3451 auch
606 3401 651 3450 die
662 3402 706 3451 bei
716 3402 790 3452 Keos
842 3403 934 3453 chium
951 3404 992 3453 illi
1009 3407 1136 3470 provecti
1153 3405 1270 3463 fretum,
1288 3407 1317 3452 ut
1333 3402 1379 3452 hac

194 3516 197 3521 i
245 3468 598 3533 undenosurapostirteu
608 3469 791 3519 Schilieaetz·
844 3473 928 3521 etiam
945 3476 1025 3537 parte
1043 3473 1128 3538 fugae
1146 3474 1261 3523 occasio
1274 3468 1381 3521 Graecia

246 3540 293 3584 ten
306 3535 366 3584 sich
378 3537 407 3585 in
416 3535 574 3601 Boweguug
583 3537 638 3586 und
648 3538 791 3588 besetzteu
842 3540 1061 3604 praecideretur,
1076 3541 1264 3607 obsepserint,
1282 3554 1328 3590 eos
1338 3535 1380 3585 ad·

246 3602 484 3667 dieganuchge
502 3603 630 3654 bisnach
641 3604 791 3667 Munychia
842 3606 949 3657 modum
973 3607 1035 3656 falli
1057 3613 1132 3673 puto.
1167 3606 1240 3659 Narin
1263 3606 1297 3658 de
1319 3604 1382 3655 loeis

245 3668 325 3718 hin.“
352 3670 386 3719 In
404 3684 456 3733 quo
472 3670 540 3720 illud
553 3667 742 3738 κυκλούμενοι
755 3673 790 3723 ad
841 3674 927 3725 multo
950 3675 1122 3739 propioribus
1146 3691 1198 3726 uec
1224 3681 1282 3726 tam
1307 3674 1381 3736 louge

245 3740 333 3786 totam
344 3736 463 3787 insulam
473 3737 693 3791 circumeundam
707 3741 790 3790 reler-
841 3742 954 3792 remotis
966 3743 1142 3807 cogitandum
1154 3743 1182 3795 h.
1192 3744 1210 3795 1.
1223 3759 1295 3803 ease,
1307 3742 1382 3792 docet

246 3808 303 3865 tur,
323 3804 392 3867 qnod
405 3805 488 3855 Grote
506 3806 631 3870 (History
643 3807 675 3857 oi
684 3807 789 3857 Greece
840 3810 939 3874 opinor
960 3811 1046 3861 totius
1070 3811 1125 3861 loci
1148 3813 1293 3863 sententia
1314 3810 1381 3875 ipso·

247 3871 279 3923 V.
296 3886 321 3934 p.
339 3871 396 3935 172)
416 3873 586 3924 assentiente
602 3874 632 3924 Ο.
650 3875 733 3925 Petro
750 3876 789 3937 (iu
840 3892 952 3941 rumque
965 3878 1099 3938 locorum,
1118 3881 1146 3928 in
1164 3879 1265 3943 quibus
1283 3890 1381 3943 pugna·

244 3936 381 4017 Plrilolog.
398 3940 475 3989 Xlll.
495 3956 521 4004 p.
534 3939 585 3991 673
602 3942 671 4006 seq.)
689 3944 730 4022 sic
744 3957 789 3992 ae·
840 3949 962 4008 tumeat,
975 3945 1059 3995 ratio:
1079 3961 1245 4010 quamquam
1260 3961 1321 3996 eum
1334 3958 1381 3993 neo
1449 3968 1450 3975 κ

245 4019 302 4120 tl
315 4005 789 4138 {llirtitltlttttlt:¹¹:3¹4
839 4013 1382 4132 l‘tuttttffittllttlllttt:

245 4143 353 4188 tanturn
364 4141 459 4191 urbem
471 4147 631 4207 portumque
649 4160 683 4195 ac
700 4145 788 4195 sinum
839 4148 913 4213 glum
925 4150 1057 4214 supersit,
1077 4148 1152 4199 haud
1165 4149 1253 4200 facile
1267 4149 1300 4199 ds
1312 4153 1380 4197 utro

246 4205 415 4258 Salaminius
436 4209 527 4271 urbis,
552 4211 600 4261 ubi
621 4211 789 4263 Graecorum
840 4231 892 4279 que
909 4216 969 4266 loeo
982 4217 1051 4266 certi
1063 4217 1128 4282 quid
1140 4219 1297 4268 constituas
1309 4215 1381 4265 licet

247 4273 347 4324 classis
364 4276 512 4326 stationem
524 4277 660 4341 habebat,
680 4280 787 4331 sicciu-
841 4284 913 4333 Ονιοκ
923 4283 1380 4351 Κτυοο(Ηο11κε11,1.ρ.301)κο-
1447 4302 1449 4343 γ

246 4342 411 4392 cumiueriut
426 4343 648 4412 Graecorumque
669 4347 788 4400 classem
839 4350 895 4416 cipi
911 4349 970 4401 uult
988 4352 1021 4402 de
1041 4366 1073 4403 eo
1086 4352 1260 4404 Salaminiae
1277 4349 1380 4402 insqu
