2932 5124
250 393 312 456 202

624 352 630 363 ’
686 386 951 449 Horononr

253 567 327 656 ῷδε.
344 558 542 650 ἘξἍργεος
561 566 689 649 ἔφυγον
707 558 739 641 ἐς
755 555 933 649 Ἰλλυριοὺς
950 563 1019 631 τῶν
1041 562 1193 649 Τρμενοῦ
1208 556 1429 649 summoves

251 681 340 754 τρεῖς
352 661 521 753 ἀδελφεοὶ,
541 660 696 751 Γαυάνης
713 691 750 733 τε
768 648 823 733 aad
838 658 992 753 Ἀέροπος
1009 665 1064 733 καὶ
1083 667 1282 752 Περδίκκης·
1302 665 1339 731 ἐκ
1356 663 1391 733 ol

253 846 319 898 qnos
331 830 460 892 Illyricae
473 829 587 893 originis
600 844 661 878 csse
673 829 733 879 vult
749 827 797 892 (cs.

252 895 798 1031 ncnam-mmma

251 1035 334 1117 unitus
346 1034 497 1093 tenuerint,
511 1032 718 1093 descenderint,
736 1049 799 1114 prq-

252 1100 798 1234 {sustituitltlttllh‘llt

253 1237 443 1319 consederint,
461 1236 512 1316 uhi
531 1235 646 1316 blidas,
659 1235 798 1317 Phrygum

253 1321 341 1371 regis,
355 1304 441 1385 horti,
459 1320 488 1353 rn
501 1304 599 1368 qulbus
611 1303 674 1353 olim
688 1302 797 1383 §denus

253 1371 720 1505 qnguqlqingqqqqtmqllqhqqqqs
733 1372 797 1489 dddi

252 1507 433 1590 hiacedonum
451 1508 536 1556 irrisae
555 1505 666 1556 accolas
678 1507 796 1572 indeque

250 1577 385 1694 illul
393 1575 797 1709 {luittlffttttplsth

251 1718 309 1763 ster
330 1711 441 1776 scripsit
462 1711 489 1771 I,
508 1708 554 1760 5οε
582 1702 614 1762 τὰ
631 1701 798 1790 Ἑμηνικόρ

251 1771 796 1907 htdtttutltihltht·

252 1913 329 1967 οἴκεε
348 1907 379 1965 ἐν
389 1911 504 1991 iliad-re,
519 1862 680 1963 desaevio
696 1862 796 1991 dated!

252 1973 797 2129 lint,irretiamur

252 2114 681 2248 lusistislusistis*
689 2116 798 2246 itti}

252 2256 324 2331 sunt.
343 2250 437 2314 Neque
449 2250 478 2300 id
487 2252 585 2315 opinor
596 2250 719 2331 impedit,
733 2265 797 2316 quo·

253 2332 343 2369 miuus
356 2323 469 2435 postera
485 2322 579 2367 aetate
596 2323 695 2368 iterum
708 2321 797 2401 Dores

251 2385 797 2520 lituidiglslltllttdllhl

250 2524 362 2572 venisse
376 2522 561 2573 existimemus
573 2520 657 2585 (conl.
670 2524 797 2572 Kortiim:

250 2588 797 2709 Atthisdalsttidltlll

251 2741 318 2841 sbrius,
332 2724 425 2790 populi
438 2726 524 2791 ipsius
533 2726 634 2805 famam
644 2725 739 2791 procul
748 2675 796 2807 dds

251 2798 410 2909 stridit
422 2794 797 2925 stultssimus:

252 2926 322 2992 qnod
342 2926 414 2975 hanc
436 2928 622 2977 narrationem
644 2931 732 2979 minus
748 2945 797 2979 ve·

251 3009 309 3072 rain
322 2993 474 3044 habeamus
486 3009 553 3059 prae
566 2994 655 3045 altera
669 2995 720 3046 illa
733 3012 796 3046 nar-

251 3066 370 3141 ratione,
396 3076 467 3125 quae
489 3067 618 3142 posterae
642 3064 730 3143 aetati
751 3064 797 3114 ad·

250 3127 795 3262 {lllldttthltttnullut

250 3264 391 3329 praemitti
408 3264 525 3316 vidimus
542 3265 693 3327 Caranum,
711 3269 796 3317 totius

249 3332 346 3397 regiae
356 3333 451 3398 stirpis
461 3337 609 3389 auctorem,
618 3333 728 3384 inerunt
738 3335 793 3394 alii,

250 3402 324 3451 inter
336 3415 404 3466 quos
413 3401 584 3467 potissimum
593 3400 794 3466 Theopompus,

849 829 998 893 mythicam
1020 844 1053 878 ex
1070 827 1186 877 arbitrio
1208 827 1267 876 iere
1284 827 1390 878 ordina-

849 902 911 947 rent
921 902 949 947 et
958 897 1166 957 constituerent,
1179 894 1295 944 deberi“
1306 896 1392 961 Sanp-

848 965 895 1031 pio
917 964 1054 1015 credimus
1074 964 1116 1014 sic
1138 964 1279 1028 pergenti:
1311 980 1391 1025 „nsrn

850 1048 911 1083 cum
935 1037 1086 1097 temporum
1107 1031 1229 1081 rationes
1250 1031 1391 1096 postulare

848 1101 1020 1160 viderentur,
1041 1104 1073 1149 ut
1085 1104 1150 1149 ante
1162 1098 1326 1149 Perdiccam
1338 1104 1392 1149 tres

850 1174 959 1219 aetates
969 1166 1186 1228 adderentur(de
1199 1181 1253 1231 qua
1265 1182 1296 1216 re
1304 1168 1392 1217 Weis-

849 1236 1012 1287 senbornius
1024 1235 1041 1285 l.
1055 1235 1074 1283 l.
1087 1235 1158 1284 bene
1172 1234 1323 1299 exposuit),
1337 1240 1391 1284 tres

849 1319 930 1367 reges
948 1304 989 1353 ita
1006 1302 1182 1362 addiderunt,
1200 1307 1231 1351 ut
1247 1303 1329 1366 primi
1345 1318 1391 1352 uo

847 1374 921 1422 mine
930 1372 1083 1437 principem
1094 1362 1254 1433 (Κοίρανον,
1267 1370 1391 1437 Xenoph.

847 1439 921 1490 Hell.
935 1441 959 1501 Ι,
978 1439 1009 1499 4,
1027 1438 1053 1490 3l
1072 1439 1107 1488 ab
1119 1437 1241 1487 Hercule
1259 1438 1392 1503 originem
1457 1436 1458 1445 ¹

848 1508 947 1558 ducere
965 1505 1169 1570 significarent,
1192 1504 1309 1555 alterins
1326 1521 1390 1570 gen·

848 1577 914 1626 tium
931 1575 1071 1624 variarum
1090 1588 1146 1622 nna
1168 1573 1314 1622 mixtarum
1331 1589 1393 1623 con-

848 1643 1015 1693 iunctionem
1037 1640 1160 1706 intelligi
1175 1639 1295 1699 vellent,
1319 1641 1393 1691 tertii

849 1711 967 1775 deniqne
1004 1713 1133 1774 quantum
1167 1708 1197 1757 in
1227 1708 1393 1758 Macedonis

848 1783 946 1843 gentes
958 1776 1087 1840 Illyricae
1100 1776 1269 1839 valuissent,
1288 1776 1393 1827 indica·

847 1847 938 1895 rent.“
961 1847 1063 1909 Atque,
1076 1848 1108 1894 ut
1120 1843 1243 1893 eiusdem
1255 1844 1310 1894 viri
1321 1844 1395 1894 docti

846 1913 933 1963 verba
946 1913 1044 1963 iterum
1057 1911 1184 1972 afferam,
1204 1926 1274 1976 „per
1290 1910 1341 1962 illa
1354 1912 1393 1962 ta·

846 1981 972 2032 bularum
994 1978 1137 2030 involucra
1158 1984 1187 2028 et
1204 1979 1394 2044 integimenta

848 2048 902 2099 hoc
925 2064 1007 2098 unum
1031 2047 1151 2111 perspici
1174 2051 1279 2110 potest,
1311 2048 1394 2097 etiam

849 2116 990 2182 regionem
1006 2115 1216 2165 Macedonicam
1241 2114 1276 2164 ab
1296 2115 1395 2164 audaci

849 2198 931 2234 manu
949 2183 1060 2233 fortium
1076 2182 1251 2233 Doriensiunr
1268 2183 1394 2232 invasam

848 2267 910 2302 esse
935 2257 977 2314 et,
1001 2266 1071 2315 quae
1092 2250 1133 2300 ibi
1150 2250 1231 2300 sedes
1247 2250 1392 2307 haberent,

848 2324 946 2385 gentes
955 2318 1118 2384 Pelasgicos
1131 2323 1160 2367 et
1171 2316 1301 2381 illyricas
1312 2332 1394 2367 unam

847 2392 910 2453 post
933 2386 1049 2437 alteram
1066 2386 1170 2447 victas,
1196 2386 1328 2450 temporis
1350 2386 1396 2436 de·

848 2469 930 2506 cursu
942 2456 971 2504 in
982 2469 1064 2504 unam
1075 2453 1217 2503 civitatem
1229 2452 1396 2504 coaluiasc.“

848 2523 936 2588 Atque
949 2522 1030 2573 huius
1042 2521 1129 2586 ipsius
1142 2520 1267 2570 civitatis
1282 2520 1369 2571 initia
1380 2536 1397 2569 a

848 2590 984 2641 Perdicca
1012 2588 1165 2654 repetenda
1194 2603 1255 2638 osae
1280 2594 1396 2639 auctore

847 2658 988 2709 Herodoto
1001 2656 1152 2717 credimus,
1171 2656 1215 2706 cui
1233 2654 1396 2720 popularem

848 2727 950 2777 famam
979 2724 1101 2776 tradenti
1129 2723 1190 2789 plus
1219 2722 1397 2774 tribuendum

848 2809 910 2844 esse
923 2807 1066 2844 censemus
1076 2806 1157 2854 quarn
1166 2789 1269 2841 sabulis
1282 2796 1398 2855 postera

848 2865 942 2912 aetate
965 2859 1090 2911 consulto
1107 2858 1273 2924 compositis.
1315 2858 1397 2920 Quod

848 2934 941 2979 autem
963 2928 998 2978 ab
1015 2926 1155 2979 Herodoto
1174 2927 1296 2989 septimus
1315 2921 1395 2990 γενέ-

847 3012 903 3059 τωρ
920 3012 941 3046 s.
953 2998 1106 3059 progenitor
1120 2994 1221 3044 dicitur
1233 2992 1394 3055 Perdiccas,

847 3065 952 3115 iactum
971 3068 1014 3114 est
1030 3078 1063 3113 ex
1081 3078 1114 3113 eo
1128 3062 1296 3113 Graecorum
1309 3077 1395 3123 more,

847 3148 901 3198 quo
913 3136 995 3197 pater
1006 3146 1114 3195 semper
1123 3131 1396 3193 causetur-recemum,

849 3215 916 3250 avus
933 3200 1109 3258 terrimotu,
1127 3203 1157 3247 ut
1174 3197 1245 3247 bene
1263 3196 1397 3248 observat

846 3267 978 3318 Larcher.
998 3265 1033 3316 ad
1044 3265 1147 3316 Herod.
1164 3265 1190 3325 1,
1206 3263 1253 3325 ol,
1271 3264 1321 3315 ubi
1336 3266 1395 3315 vid.

847 3340 917 3386 nott.
940 3334 1007 3384 Inde
1019 3334 1090 3383 haec
1104 3333 1214 3383 exsistit
1226 3347 1323 3397 regum
1333 3332 1396 3383 Ma

848 3402 981 3454 cedoniae
997 3402 1150 3452 successio:
1168 3401 1323 3459 Perdiccas,
1340 3402 1396 3451 Ar·

251 3470 297 3532 qui
310 3475 375 3518 ante
388 3470 550 3520 Perdiccam
563 3473 620 3519 tres
631 3469 796 3520 Temenidae
845 3486 937 3536 gaesa,
960 3471 1104 3533 Philippus,
1125 3470 1260 3532 Aeropus,
1277 3470 1396 3526 Alcetas,

250 3551 382 3600 regnasse
400 3537 555 3597 traderent,
574 3536 711 3587 Caranum
728 3537 796 3589 Coe·

250 3618 327 3663 num,
357 3602 524 3666 Tyrimmam
553 3609 635 3670 atque
659 3605 795 3655 Caranum

250 3669 384 3720 Phidonis
394 3672 431 3720 Ar
452 3671 490 3721 ivi
504 3672 548 3734 (de
561 3688 613 3737 quo
622 3673 677 3723 vid.
687 3674 734 3733 VI,
749 3672 795 3722 1⁶27

250 3737 344 3802 ibique
369 3688 451 3801 nottd
472 3739 587 3790 fratrem
611 3740 696 3791 fuisse
721 3742 795 3791 dice·

251 3811 325 3854 rent:
345 3805 378 3854 dc
396 3821 449 3870 qna
462 3806 538 3857 fama
549 3807 605 3858 rid.
619 3823 690 3872 qnae
703 3809 794 3874 dispu-

251 3877 345 3921 tarunt
353 3873 562 3923 Weissenborn:
574 3874 683 3925 Hellen.
691 3893 755 3942 pag.
762 3876 796 3928 53

251 3955 342 4004 seqq,
360 3939 444 3990 Abel:
467 3941 654 3992 Makedonien
672 3960 722 3993 vor
739 3945 794 3993 Κὸ-

251 4006 301 4071 nig
312 4006 424 4072 Philipp
442 4024 506 4073 pag.
518 4006 552 4058 00
564 4024 649 4072 seqq,
670 4009 793 4076 Sauppe:

250 4076 390 4139 Inscripti.
403 4075 528 4125 Macedd.
547 4082 675 4139 quattuor
691 4094 755 4142 pag.
769 4081 795 4142 4,

252 4142 298 4206 qui
319 4143 388 4192 satis
408 4143 488 4193 nobis
511 4142 641 4208 probasse
659 4145 795 4208 videntur,

252 4208 314 4273 qnid
332 4209 438 4260 dehac
456 4210 546 4261 altera
562 4212 720 4262 narratione
739 4219 795 4263 sta·

251 4276 381 4327 tuendum
399 4279 451 4340 sit,
476 4294 556 4343 quarn
573 4282 685 4342 postera
701 4284 795 4331 aetate

251 4343 344 4394 fictam
353 4345 388 4395 iis
401 4346 585 4408 „horninibus
599 4347 645 4411 qui
653 4346 796 4399 historiam

847 3541 985 3603 Amyntas,
998 3538 1161 3588 Alexander.
1173 3561 1206 3570 —
1218 3536 1262 3585 De
1275 3535 1395 3597 Terrena,

847 3605 1032 3657 Aristomachi
1049 3604 1120 3665 filio,
1145 3603 1191 3669 qui
1209 3618 1271 3654 cum
1288 3604 1397 3655 duobus

847 3673 978 3724 iratribus
992 3671 1162 3737 Cresphonte
1179 3677 1208 3721 et
1219 3671 1396 3723 Aristodemo

846 3741 1065 3806 Peloponnesum
1088 3740 1192 3790 victam
1220 3744 1249 3788 et
1273 3755 1396 3806 occupa-

846 3814 904 3858 tam
922 3808 1016 3858 divisit
1037 3809 1151 3873 ipseque
1168 3806 1330 3870 Argolidem
1347 3824 1395 3859 ac-

847 3878 922 3941 cepit
939 3882 1054 3936 sortem,
1078 3874 1132 3925 vid.
1150 3874 1273 3924 Pausau.
1291 3875 1332 3935 11,
1352 3874 1395 3925 lu

846 3946 869 4007 5.
883 3942 907 3996 0.
921 3942 1075 4008 Apollodor.
1087 3942 1126 4004 11,
1137 3940 1163 3990 8.
1176 3942 1200 4002 ὅ.
1212 3941 1238 3990 4.

881 4003 910 4074 ἐξ
922 4001 1033 4074 horror
1050 4003 1159 4074 ἔφυγον
1169 4010 1294 4073 -τρεῖς
1309 3999 1396 4061 sr'det·

848 4075 926 4144 prol]
949 4080 1114 4128 Persecntus
1136 4081 1179 4126 est
1200 4075 1274 4126 hanc
1293 4077 1397 4127 tamam

847 4144 957 4211 singula
969 4150 1095 4195 tractans
1106 4142 1176 4193 Abel
1190 4143 1208 4194 1.
1221 4143 1240 4192 l.
1255 4160 1323 4209 pag.
1337 4142 1396 4203 108,

848 4216 894 4279 qui
911 4212 983 4278 qnod
999 4212 1027 4261 lr.
1041 4212 1058 4261 l.
1077 4212 1111 4261 de
1122 4211 1205 4275 Argis
1221 4212 1251 4260 in
1264 4211 1397 4263 Orestide

848 4281 913 4343 (vid.
926 4280 1072 4344 Forbiger:
1091 4278 1200 4328 Handb.
1217 4278 1244 4329 d.
1259 4278 1312 4329 alt.
1325 4280 1396 4330 Geo

847 4348 944 4415 graph.
959 4347 1009 4398 llI.
1027 4344 1145 4412 plotio)
1162 4346 1225 4396 sitis
1242 4348 1324 4398 &aa
1340 4348 1396 4398 Hs·
