2900 5122
238 408 298 470 322
675 397 940 460 HERODOTI

236 572 365 663 σκηνήν
387 570 449 660 τήν
472 577 675 662 Μαρδονίου
698 559 790 640 ούτοι
813 559 900 658 ήσαν
923 574 958 638 σι’
984 565 1244 658 διαρπάσαντες,
1273 565 1312 636 τά
1336 595 1367 636 τε

237 674 320 746 άλλα
344 678 376 757 ἐξ
400 670 502 761 αὐτῆς
525 675 581 742 καὶ
605 669 666 760 τήν
690 669 821 760 φάτνην
843 673 911 741 των
934 676 1064 757 ἵππων,
1093 671 1213 739 ἐοῦσαν
1236 670 1368 757 χαλκέην

237 782 347 848 πάσαν
365 779 421 846 καί
439 779 521 863 θεής
538 770 642 862 άξίην.
678 770 740 861 τήν
757 776 818 862 μέν
835 801 900 843 νυν
918 770 1050 860 φάτνην
1067 767 1192 857 ταύτην
1209 766 1270 857 τήν
1281 779 1368 859 Mae

239 886 354 949 δονίου
378 873 546 947 άνέθεσαν
571 878 604 956 ἐς
627 873 686 946 τόν
711 871 791 962 νηόν
808 878 866 962 τής
881 869 992 960 Ἀλέης
1007 868 1187 960 Ἀθηναίης
1210 874 1367 958 Τεγεῆται·

236 978 277 1051 τά
294 981 331 1050 δὲ
342 977 426 1048 ἄλλα
445 982 476 1059 ἐς
494 973 612 1065 τάυτό,
631 973 693 1047 ὅσα
711 1003 773 1066 περ
793 982 924 1063 ἔλαβον,
944 973 1119 1062 ἐσήνεικαν
1136 990 1221 1043 τοῖσι
1230 968 1367 1060 Ἕλλησι.

240 1088 284 1152 Oi
314 1082 351 1150 δὲ
377 1078 540 1170 βάρβαροι
566 1075 668 1148 οὐδὲν
695 1084 742 1147 ἔτι
768 1094 884 1167 στῖφος
912 1074 1109 1164 ἐποιήσαντο
1135 1071 1293 1154 πεσόντος
1317 1076 1370 1143 τού

237 1191 376 1273 τείχεος,
395 1179 473 1251 οὔτε
490 1210 539 1262 τις
557 1176 669 1249 αύτεόν
686 1175 788 1267 άλκής
807 1181 981 1268 ἐμέμνητο
1016 1173 1200 1260 ἀλύκταζόν
1216 1203 1253 1245 τε
1270 1170 1322 1245 οἷα
1339 1179 1370 1245 ἐν

237 1281 338 1376 ὀλίγῳ
357 1282 452 1376 χώρῳ
471 1283 698 1372 πεφοβημένοι
716 1307 751 1349 τε
769 1282 825 1350 καὶ
844 1281 964 1350 πολλαὶ
975 1277 1136 1368 μυριάδες
1148 1279 1369 1366 κατειλημέναι

237 1382 438 1475 ἀνθρώπων.
466 1387 577 1472 πυρήν
594 1410 630 1452 τε
647 1400 731 1453 τοῖσι
740 1378 875 1469 Ἕλλησι
892 1378 1063 1470 φονεύειν,
1082 1375 1170 1449 οὕτω
1189 1374 1275 1448 ὥστε
1290 1376 1369 1467 τριή

163 1552 167 1565 ,
238 1515 339 1557 κοντα
355 1482 531 1577 μυριάδων
554 1487 713 1576 στρατοῦ,
736 1485 989 1554 καταδεουσέων
1006 1483 1190 1571 τεσσέρων,
1213 1477 1272 1561 τάς
1295 1486 1370 1568 ἔχων

235 1585 428 1675 Ἀρτάβαζος
447 1594 586 1676 ἔφευγε,
610 1589 678 1655 τεόν
695 1588 820 1655 λοιπεόν
837 1584 921 1674 μηδὲ
939 1599 1027 1673 τρεῖς
1044 1580 1194 1672 χιλιάδας
1211 1583 1369 1671 περιγενέ-

237 1784 319 1865 ήραν.
339 1811 369 1820 -
388 1786 420 1835 In
432 1801 507 1850 seqq.
526 1784 590 1833 dedi
601 1775 655 1849 τήν
673 1775 783 1848 σκηνήν
837 1777 1369 1841 112.V111,274.xl‚287e011.313.
1430 1792 1431 1795 ’

237 1870 291 1919 την
308 1851 483 1917 Μαρδονίου
501 1868 515 1901 ε
533 1852 710 1910 Florentino,
734 1851 782 1899 ubi
834 1850 967 1913 xunts.
986 1849 1107 1907 xv,527
1124 1853 1154 1898 et
1170 1860 1242 1912 quae
1262 1846 1370 1898 aliahu·

237 1922 321 1985 vulgo
333 1919 394 1972 τοῦ
406 1917 594 1983 Μαρδονίου,
609 1919 679 1983 quod
694 1919 781 1983 iprum
834 1918 876 1967 ius
888 1917 999 1983 generis
1012 1917 1135 1967 erebrius
1148 1916 1221 1981 apud
1231 1916 1370 1966 Homerum

238 2005 299 2038 curn
321 1989 472 2038 Sohaesoro
497 1986 612 2035 retinuit
630 1985 781 2047 Matthiae;
832 1984 969 2050 leguntur.

237 2057 398 2106 Dieteehius
417 2055 503 2104 edidit
520 2047 573 2118 τήν
590 2045 700 2118 σκηνήν
719 2045 782 2117 τήν
866 2044 1038 2118 α’λύκταζον]
1058 2052 1077 2100 i.
1091 2067 1115 2100 e.
1128 2054 1290 2102 consternati
1304 2054 1368 2100 eran

237 2122 299 2173 τού
311 2120 493 2185 Μαρδονίου.
507 2123 555 2170 sed
568 2120 650 2196 paulo
663 2120 781 2196 inferius
831 2122 998 2184 praetimore
1011 2136 1042 2169 ac
1053 2120 1236 2193 trepidatione.
1257 2120 1289 2168 In
1300 2118 1370 2196 unius

237 2193 372 2240 intactum
395 2189 508 2254 reliquit
536 2202 652 2253 φατνην
674 2203 783 2252 ταυτην
835 2189 894 2238 eod.
919 2187 1044 2252 margine
1067 2192 1172 2238 exstat:
1201 2187 1369 2247 αλυκταξτιν,

237 2252 290 2323 τήν
307 2254 493 2321 Μαρδονίου,
518 2256 589 2304 unde
612 2256 699 2305 altero
719 2255 781 2305 loco
834 2244 1218 2321 δυσφορέειν,άηανακτει”ν.
1248 2254 1369 2331 Εερυηιί·

239 2325 385 2376 articulum
402 2325 472 2374 bene
495 2325 593 2374 abesse
612 2323 724 2388 probari
740 2325 781 2375 vi·
833 2330 881 2373 net
892 2323 947 2373 hue
958 2324 1135 2373 Homericum
1148 2322 1180 2373 11.
1195 2320 1230 2377 X.
1244 2322 1291 2372 94:
1309 2312 1370 2371 ονδὲ

237 2394 325 2443 detur.
354 2394 396 2442 Ad
408 2393 462 2442 vim
475 2393 552 2442 vocis
564 2388 661 2440 πάσαν
679 2391 707 2439 in
720 2406 780 2441 ver·
831 2406 881 2457 μοι
900 2377 974 2455 ήτορ
1005 2384 1131 2456 ἔμπεδον
1160 2380 1228 2440 ἄλλ’
1251 2381 1370 2440 uitati-
1430 2420 1431 2459 1

126 2524 129 2530 Δ
237 2462 281 2511 bia
299 2453 405 2511 derideo
420 2455 545 2525 χαλκέην
561 2456 679 2508 πᾶσαν
701 2459 735 2519 (ἰ.
754 2474 779 2510 e.
831 2458 1370 2524 κτημαι,τειίρενλατδαινεεαικακι“κιο;
1430 2488 1431 2495 1

239 2529 309 2593 quod
331 2545 466 2594 praesepe
480 2534 557 2579 totum
581 2542 697 2576 aeneum
715 2525 780 2587 fuit)
831 2520 1045 2592 τεθορύβημαι,
1075 2515 1225 2590 ἠπόρημαι
1257 2525 1371 2602 explieat

238 2597 344 2645 attendi
356 2596 548 2660 iubetSuuppe
562 2595 597 2644 ad
608 2593 780 2658 Xenophont.
832 2593 924 2644 Sohol.
948 2595 991 2643 'l'u
1002 2594 1205 2656 vid.Heynium
1218 2594 1256 2643 ad
1269 2594 1371 2643 flumen
1430 2624 1431 2627 =

237 2666 280 2713 De
294 2680 322 2714 re
336 2670 454 2728 equestr.
467 2665 489 2723 1,
506 2662 544 2713 13.
558 2677 621 2743 pag.
634 2659 693 2711 200.
832 2661 996 2713 nitetur.
1007 2660 1136 2727 p.'23aeq.
1160 2662 1255 2726 Ipsum
1267 2660 1370 2710 ve'rbun

273 2722 301 2789 ἐς
313 2723 364 2782 τόν
374 2727 447 2796 νηὸν
455 2730 506 2795 της
517 2722 605 2793 ’Ἀλεης
616 2720 779 2793 Ἀθηναίης]
832 2718 994 2790 α’λύκταζσν
1010 2730 1051 2791 (in
1064 2744 1116 2793 quo
1134 2734 1312 2793 augmentum
1323 2727 1369 2776 No·
1430 2772 1431 2781 ,

237 2798 299 2847 Vid.
316 2804 385 2848 nott,
404 2798 439 2847 ad
455 2798 477 2857 1,
491 2796 525 2845 ou
545 2802 572 2846 et
590 2797 652 2845 add.
671 2797 782 2846 Curtius
832 2801 890 2846 ster
901 2798 1012 2857 omittit,
1027 2796 1209 2848 vidBredov.
1221 2812 1250 2861 p.
1260 2796 1319 2855 291)
1331 2795 1369 2844 rix
1430 2814 1431 2821 ι

237 2865 447 2931 ΡοΙοροιιιιει.Ι.
461 2864 609 2928 ρ.·ὶὸὃεοη.
628 2864 707 2925 Quod
719 2879 781 2913 rnox
833 2864 896 2914 aliis
908 2864 979 2915 loeis
997 2864 1108 2915 obvium
1126 2864 1277 2915 invenitur.
1301 2859 1370 2925 Quod
1430 2894 1431 2905 ι

237 2931 340 2997 legitur
364 2923 529 2996 ἐσήνεικαν,
561 2932 620 2980 eius
642 2929 704 2981 loeo
728 2932 780 2981 duo
832 2933 956 2996 sequitur
973 2922 1005 2981 ἒν
1021 2922 1109 2997 ὀλίγῳ
1126 2923 1206 2996 χάρη
1223 2932 1269 2993 (in
1285 2933 1370 2994 exiero

239 3000 317 3049 codd.
343 2990 541 3064 ἐσηνείκαντο,
567 2997 638 3062 quod
663 3014 781 3048 eommo-
832 2998 911 3063 loeo),
925 2999 1022 3049 merito
1035 3000 1134 3049 dudum
1147 2998 1370 3064 placueratWet·
1430 2986 1431 3007 ¹

237 3065 297 3116 diua
310 3067 419 3117 uidetur
431 3065 703 3131 Schweighaeusero,
717 3081 780 3130 quo·
832 3066 950 3133 selingio
963 3068 1037 3118 Diuo.
1052 3066 1154 3117 Herod.
1167 3067 1213 3116 XI.
1228 3083 1257 3132 p.
1266 3065 1323 3126 ΜΞ),
1335 3065 1370 3113 iu·
1430 3100 1431 3127 p

237 3135 311 3183 niam
326 3140 354 3183 et
365 3134 571 3198 ipsis'regeatis
582 3147 647 3197 pere
659 3133 781 3197 praedae
832 3136 920 3199 deque
938 3136 1024 3186 etiam
1042 3151 1075 3184 ex
1092 3150 1142 3185 ora
1158 3134 1295 3199 Stephani
1311 3133 1369 3182 duo

238 3207 451 3251 erateventura.
474 3199 545 3250 Mihi
556 3215 609 3249 non
626 3215 694 3265 opus
706 3200 782 3250 vide·
832 3202 937 3267 busque
960 3203 1038 3252 codd.
1063 3207 1203 3268 receptum
1228 3208 1287 3265 eet,
1316 3210 1370 3249 euru
1430 3222 1431 3267 η

237 3275 281 3319 tur
293 3269 383 3319 medio
395 3269 489 3331 uerbo,
503 3283 520 3317 a
532 3284 584 3333 quo
598 3269 683 3317 etiarn
695 3268 779 3318 abuti·
830 3269 914 3335 vulgo
932 3278 1007 3320 esset
1024 3261 1055 3320 ἐν
1072 3263 1159 3336 ὀλίγῳ
1176 3264 1284 3335 χρόνῳ,
1308 3264 1370 3333 qnod

237 3342 355 3387 nuerunt
377 3337 437 3387 edd.
455 3343 569 3386 recentt.
600 3337 779 3387 Locutionem
831 3338 875 3387 vel
900 3337 1041 3389 Sanoroiti
1070 3338 1142 3388 liber
1172 3343 1201 3387 et
1223 3335 1370 3388 Florentia
1430 3378 1431 3381 ,

237 3407 338 3470 στίφος
351 3397 529 3471 ποιήσασθαι
548 3404 642 3470 attigit
655 3403 778 3455 Dorvitle
832 3421 894 3455 oum
907 3405 972 3455 aliis
985 3406 1114 3456 retinent.
1138 3406 1202 3455 Mox
1219 3422 1272 3471 pro
1284 3416 1368 3455 κατει-
1430 3418 1431 3433 ¹

237 3473 273 3523 ed
295 3474 398 3524 Charit.
421 3474 466 3535 VI,
488 3473 504 3522 9
525 3473 586 3522 init.
608 3489 635 3537 p.
649 3472 698 3522 554
720 3469 779 3535 (ubi
831 3467 1369 3539 appetem,quodunusretinuitSenae·
1430 3492 1431 3495 ¹

238 3542 357 3591 activum
381 3545 472 3591 exstat
494 3538 627 3606 ποιήσαι)
651 3538 709 3590 elia
731 3540 778 3593 ad·
830 3542 918 3602 ierus,
945 3541 1072 3606 equidem
1093 3557 1152 3591 eum
1177 3539 1295 3607 reliquia
1314 3536 1369 3589 edd
1430 3544 1431 3549 ’

176 3617 180 3624 “
236 3608 305 3658 dena
321 3608 355 3658 de
372 3624 441 3659 voce
460 3610 573 3673 στῖφος,
598 3623 679 3673 quam
695 3623 779 3673 supra
830 3608 894 3658 dedi
909 3600 1119 3675 κατειλημέναι,
1148 3607 1308 3671 viu.1x‚3r
1323 3606 1368 3655 ibi·

236 3677 292 3725 iam
315 3677 472 3726 notavimus
495 3676 531 3726 ad
552 3676 599 3737 IX,
620 3676 662 3725 57.
697 3676 779 3725 Haud
830 3692 881 3741 que
895 3683 963 3727 nott.

236 3742 309 3793 male
329 3743 420 3794 locum
439 3745 479 3793 sio
501 3744 620 3793 reddidit
636 3744 779 3808 Schweig·
864 3732 939 3794 ούτω
960 3733 1030 3795 οἷστε
1050 3736 1205 3810 τριήκοντα
1225 3759 1267 3810 μιν
1309 3733 1370 3792 ’δον
1430 3708 1431 3743 ³

236 3810 400 3862 haeueeruo:
431 3811 560 3874 ,φακίνων
576 3828 650 3873 uero,
673 3827 709 3861 ecc
730 3828 778 3876 ηαο
830 3811 953 3875 στρατοῦ
967 3839 1003 3849 -
1018 3811 1075 3862 τῶν
1088 3810 1195 3862 λοιπῶν
1206 3810 1268 3877 μηδ
1299 3810 1369 3872 mle

236 3895 320 3928 κιανιιο
331 3882 437 3940 corruit,
455 3883 544 3928 nudum
557 3881 663 3943 amplior
673 3879 777 3943 ρλυδανι,
830 3871 964 3944 χιλιάδας
973 3874 1189 3945 περιγενέσθαι]
1196 3880 1314 3930 Nimium
1324 3876 1369 3926 nri·
1430 3926 1431 3941 ,

237 3962 308 4011 quem
322 3948 391 3997 hosti
404 3953 577 4010 opponerent,
599 3948 718 4009 serenant
735 3963 778 3997 ne·
830 3964 881 4012 que
895 3948 982 3997 videri
994 3950 1110 4013 poterit,
1124 3964 1138 3997 e
1151 3953 1230 3998 tanto
1243 3945 1367 4003 exercitu,
1430 3964 1431 3999 ι

236 4029 284 4079 que
302 4017 432 4080 quiequam
450 4016 551 4064 virtutis
569 4016 690 4075 meminit,
717 4015 734 4063 i.
753 4032 777 4065 e.
830 4017 876 4080 qui
892 4014 996 4065 ‘260000
1010 4015 1145 4066 militibus
1162 4016 1319 4066 constitisse
1331 4011 1368 4061 di·

234 4088 352 4131 strenuus
364 4098 395 4131 ae
403 4082 483 4144 sortr'r
491 4083 556 4144 suin
568 4082 596 4130 id
608 4082 681 4132 enim
694 4083 778 4147 signi·
830 4084 910 4145 citur,
927 4085 980 4133 trio
992 4088 1099 4134 tanturn
1115 4085 1183 4134 mitia
1194 4082 1368 4149 superfuisse,
1430 4090 1431 4139 ζ

236 4147 322 4198 fleant
338 4148 425 4199 rerba
442 4140 507 4200 ούτε
520 4165 562 4207 τις
579 4143 672 4200 αὐτῶν
690 4142 778 4216 α’λκής
828 4152 994 4216 praesertim
1007 4152 1031 4201 ai
1050 4151 1180 4217 exiguum
1191 4166 1261 4201 aune
1277 4161 1366 4199 nume·
1430 4150 1431 4167 *

236 4207 390 4297 ἐμέμνητο,
418 4233 489 4282 quae
511 4224 608 4283 sponte
629 4219 659 4267 in
676 4234 777 4294 merno-
829 4234 887 4267 rum
900 4218 1081 4281 Graecorum,
1105 4220 1152 4283 qui
1169 4217 1366 4275 eaosituerint
1430 4232 1431 4285 j

235 4300 305 4334 ruam
326 4290 459 4335 revocant
478 4285 627 4336 Homerica
646 4299 778 4350 μνησα·
828 4287 945 4352 cogites.
975 4287 1198 4337 Aerectenobis
1210 4283 1367 4337 monereri·
1430 4288 1431 4349 η

235 4352 299 4405 ode
326 4345 359 4404 δὲ
381 4348 522 4417 θούριδος
545 4344 653 4419 α’λκής
673 4354 706 4402 Il.
729 4354 775 4416 Vi,
829 4353 909 4404 detur
927 4353 1024 4405 Grote:
1047 4355 1162 4419 History
1178 4355 1210 4405 ot
1220 4355 1325 4405 Greeee
1337 4349 1366 4399 V.
1430 4370 1431 4385 ι
