2900 5122
222 403 285 463 274
659 395 924 458 HERODOTI

220 577 377 657 γίνεσθαι
395 565 611 657 Σπαρτιήτην
630 570 684 637 erl
701 584 788 637 τοῖσι
805 563 936 636 αὐτοῖσι
954 564 1098 655 λόγοισι,
1122 584 1206 637 τοῖσι
1231 571 1288 638 καὶ
1306 565 1360 638 αι’»

176 668 278 751 34τός
299 678 436 758 γίνεται.
477 673 588 739 Ταῦτα
612 670 649 738 δέ
668 671 775 757 λέγων
792 658 888 748 οὗτος
908 671 1054 757 ἐμιμέετο
1073 666 1301 759 Μελάμποδα,
1319 667 1360 750 ὧς

222 770 350 841 εἰκάσαι
368 778 545 860 βασιληίην
562 798 598 841 τε
616 773 671 840 καὶ
695 777 885 858 πολιτηΐην,
913 769 1112 859 αἰνεόμενος.
1147 773 1203 840 καὶ
1229 770 1295 862 γὰρ
1322 769 1361 859 δὴ

221 876 276 942 καὶ
292 871 509 963 Μελάμπους,
526 876 595 942 τῶν
614 869 777 959 ἐν”Αρνεϊ
791 873 962 960 γυναικών
979 876 1174 961 μανεισέων,
1194 869 1239 954 ὥς
1256 903 1316 962 μιν
1332 877 1363 942 οἱ

218 971 358 1065 Ἀργεϊοι
384 977 585 1064 ἐμισθοῦντο
609 977 645 1043 ἐκ
668 971 787 1043 Πύλον
805 976 930 1042 παῦσαι
948 970 1005 1053 τοὶς
1023 977 1184 1064 σφετέρας
1200 992 1361 1061 γυναῖκας

198 1138 200 1147 .
219 1081 278 1164 τῆς
294 1075 439 1163 νούσου,
462 1073 586 1165 μισθὸν
603 1082 812 1167 προετείνετο
829 1078 886 1161 τῆς
908 1081 1082 1162 βασιληΐης
1099 1072 1136 1144 τὰ
1155 1072 1265 1164 ἥμισυ.
1303 1072 1362 1147 οὐκ

220 1174 456 1267 ἀνασχομένων
475 1177 512 1246 δὲ
529 1180 597 1246 τῶν
612 1172 788 1268 Ἀργείων,
811 1172 885 1245 ἀλλ’
911 1172 1096 1265 ἀπιόντων,
1121 1171 1165 1257 ὦς
1190 1181 1362 1267 ἐμαίνοντο

217 1367 334 1441 Ἡγίην,
352 1374 540 1438 Passenni,
556 1374 596 1424 ΙΙ.
612 1375 665 1435 §.5
682 1391 767 1441 nepo-

220 1450 275 1493 tem
293 1445 436 1493 'Pisameni
452 1448 535 1493 vocat
553 1435 648 1507 Ἁγίαν
663 1449 765 1504 vatem,

221 1514 266 1576 qui
283 1511 426 1574 Lysandro
444 1513 473 1560 in
494 1511 599 1577 proelio
617 1511 653 1560 ad
665 1512 767 1576 Aegos-

220 1584 345 1644 potamos
362 1580 506 1629 eommisso
527 1579 611 1628 fuerit
628 1580 765 1629 vstieiua·

220 1656 272 1697 tus.
304 1647 450 1697 Caeterum
463 1651 493 1696 ut
503 1647 631 1710 Regiam,
646 1647 686 1696 ita
698 1647 765 1710 'l'yr-

220 1720 313 1764 tasum
336 1730 441 1780 quoque
463 1715 491 1763 in
508 1714 705 1780 Spartanorum
727 1716 765 1764 oi·

219 1783 293 1833 vlum
302 1797 442 1832 numerum
452 1783 538 1833 fuisse
549 1787 689 1847 receptum
701 1787 766 1832 suut

220 1851 265 1915 qui
284 1851 407 1909 tradant,
431 1865 594 1915 quamquam
612 1849 661 1899 alii
677 1851 765 1916 ipsius

219 1918 353 1968 Herodoti
371 1918 432 1979 (IX,
451 1918 494 1997 35)
514 1918 680 1967 auctoritate
699 1919 764 1967 freti

219 1985 764 2115 tittittittrtttttttttltt:

218 2120 299 2168 bach.
319 2121 346 2167 iu
360 2118 567 2168 Animadverss.
584 2135 609 2183 p.
630 2119 695 2167 1188
707 2135 763 2185 seq.

219 2187 260 2236 Ad
274 2186 358 2235 verba
372 2178 428 2235 ἐπὶ
445 2177 763 2252 secessissentque

218 2254 273 2303 vid.
288 2253 377 2303 allata
390 2254 425 2303 ad
437 2255 485 2318 IX,
498 2252 540 2303 20.

388 2423 456 2474 Car.
475 2424 600 2474 XXXIV.

254 2516 383 2591 ἐμιμέετο
396 2518 481 2575 Metel
504 2522 590 2589 ποὸα]
605 2526 622 2574 i.
636 2528 766 2578 similari

217 2596 328 2655 studuit,
345 2600 376 2642 ut
392 2610 454 2644 mox
485 2593 660 2659 μισθοῦντο,
678 2597 764 2644 locare

217 2664 367 2711 studuerunt
386 2677 406 2714 s.
424 2666 570 2718 solerentne·
593 2662 627 2711 de
645 2677 698 2727 qua
714 2663 765 2710 im·

218 2730 338 2793 perlecti
355 2730 467 2778 notione
484 2729 540 2779 vid.
554 2730 612 2779 eitt.
628 2733 662 2779 ad
675 2731 703 2790 1,
716 2728 763 2791 683

218 2796 252 2845 de
271 2798 331 2861 ipso
349 2796 434 2845 verbo
452 2796 506 2846 vid.
524 2802 592 2846 nott.
612 2798 647 2847 ad
665 2798 701 2859 V,
720 2796 761 2847 62.

217 2864 259 2912 De
273 2864 435 2926 Melampode
449 2863 505 2914 vid.
520 2864 560 2925 11,
572 2863 613 2913 49.
632 2864 761 2927 V11‚2‘21

217 2930 312 2994 ibique
330 2934 399 2979 nott.
430 2931 574 2980 Sohubart.
589 2931 704 2992 Quaest.
717 2947 763 2996 ge·

216 2997 302 3046 neall.
319 3012 382 3061 pag.
401 2995 434 3046 te
452 3012 508 3061 seq.
530 2996 577 3047 108
589 3012 646 3062 seq.
683 3000 762 3049 Com·

216 3065 311 3129 pareri
324 3070 415 3113 autem
428 3064 530 3114 debent
540 3080 601 3114 euru
613 3065 666 3115 bae
676 3068 764 3116 Hero·

216 3133 274 3182 doti
297 3132 456 3181 narratione
478 3132 591 3183 Diodor.
613 3133 697 3185 Sicul.
714 3135 760 3195 IV,

216 3198 257 3248 68.
278 3198 369 3250 Sobel.
389 3199 423 3248 ad
437 3199 550 3249 Pindar.
563 3201 640 3250 Nem.
654 3202 704 3260 lx,
718 3201 760 3252 30.

818 1370 978 1437 significare
990 1370 1110 1422 voluisse
1124 1373 1302 1436 existimaus,
1319 1376 1363 1425 Ti-

818 1455 958 1489 samenum
972 1440 1158 1506 postulatione
1169 1456 1265 1506 parem
1279 1443 1362 1492 fuisse

817 1508 994 1572 Melampodi,
1007 1508 1031 1557 si
1044 1523 1157 1572 regnum
1169 1509 1282 1559 civitati
1294 1526 1363 1559 eom·

837 1576 911 1625 arari
934 1576 1030 1641 possit.
1064 1577 1162 1640 ltaque
1186 1578 1362 1628 accusativos

817 1591 970 1709 ξασιίηΐην
981 1657 1012 1693 τε
1024 1640 1074 1693 aul
1087 1640 1254 1709 πολιτηίην,
1269 1645 1318 1710 qui
1329 1646 1361 1693 ad

817 1705 983 1776 αίτεόμενος
1000 1712 1060 1761 sive
1078 1705 1247 1775 αἰτεόμενον
1265 1714 1362 1762 referri

816 1784 971 1842 nequeunt,
1001 1793 1063 1828 cum
1092 1786 1191 1828 neuter
1219 1786 1362 1845 utrumque
1443 1772 1444 1829 Ξ

816 1847 933 1911 (regium
943 1846 1105 1911 dignitatem
1117 1851 1146 1895 et
1155 1847 1361 1913 ciuitatemee·
1443 1838 1444 1855 ¹

816 1915 906 1976 tierit‚
926 1914 961 1963 ad
974 1909 1089 1963 είιιοίσαι
1106 1914 1189 1963 retuli
1205 1921 1289 1979 atque
1302 1930 1363 1965 cum
1443 1944 1444 1971 ;

816 1982 1079 2046 Soliweighaeusero
1097 1982 1204 2043 (Lexie.
1224 1982 1329 2032 Herod.
1343 1983 1362 2031 Ι.

816 2065 842 2114 p.
863 2049 920 2113 teo)
937 2048 1065 2113 intelligo
1082 2050 1137 2099 sie:
1160 2055 1285 2115 quolenus
1304 2056 1363 2100 licet

815 2120 911 2180 replum
933 2118 1079 2181 dipuilalem
1102 2132 1156 2166 cum
1177 2119 1233 2166 iure
1254 2118 1364 2168 αἰτίιιιιίε
1443 2118 1444 2129 ’

814 2186 942 2248 conferre.
974 2185 1121 2233 Caeterum
1139 2185 1209 2234 bene
1233 2186 1362 2235 li'esse-

813 2255 945 2316 εἰαρινο-
959 2252 1142 2315 „Tisamenus
1154 2253 1197 2301 ius
1207 2252 1363 2318 Spartanae

816 2320 939 2369 civitatis
952 2320 1117 2384 quaerebat,
1130 2319 1288 2386 Melampus
1300 2336 1362 2386 par-

815 2392 871 2436 tem
887 2391 965 2451 regui
983 2388 1160 2452 Argiuorum:
1182 2403 1267 2452 pares
1282 2390 1363 2438 ambe
1443 2384 1444 2447 ξ

815 2455 967 2520 eupiditate
985 2454 1120 2514 habendi,
1140 2455 1222 2505 ualde
1237 2456 1364 2521 dispares
1443 2452 1444 2473 ¹

815 2523 844 2571 iu
856 2538 885 2572 re
899 2523 1086 2573 desiderata.“

849 2588 1041 2654 προετείνετο]
1065 2591 1126 2640 Ηοο
1147 2589 1210 2640 leco
1227 2591 1363 2641 Sebaste·

815 2673 872 2718 rus,
893 2673 972 2722 quern
985 2659 1100 2718 Meum,
1117 2657 1231 2709 Beklrer
1243 2663 1273 2707 et
1289 2676 1362 2710 rece.

815 2726 877 2775 edd.
887 2730 1045 2790 sequuntur,
1058 2727 1160 2775 retinet
1169 2724 1362 2790 προετείνετο,

815 2794 886 2859 quod
907 2795 1062 2843 Florentini
1087 2793 1257 2859 aliorumque
1283 2796 1362 2845 oodd.

815 2862 983 2912 auctoritate
993 2860 1150 2926 Schweigh.
1161 2866 1190 2910 et
1200 2862 1292 2912 (taisi.
1304 2878 1363 2912 mu·

814 2930 953 2978 tarentin
969 2928 1169 2994 προετείνατο,
1189 2929 1274 2994 paule
1290 2936 1361 2995 post

814 2996 862 3045 ubi
876 2997 947 3046 idem
959 2998 1072 3047 verbum
1086 2997 1174 3047 denuo
1187 2998 1303 3062 legitur,
1316 3014 1363 3048 ex-

814 3065 943 3114 hibentes
966 3062 1169 3128 προετείνετο,
1195 3067 1276 3115 ouius
1300 3065 1363 3116 loeo

813 3146 863 3181 uos
887 3147 948 3182 euru
971 3132 1086 3197 reliquis
1109 3132 1173 3182 edd.
1199 3133 1363 3184 retinuimus

812 3198 1017 3262 προετείνατο.
1047 3202 1088 3250 De
1105 3201 1165 3265 ipso
1184 3201 1272 3250 verbo
1287 3203 1362 3252 eous.
1443 3226 1444 3261 ς

215 3268 336 3317 Pausau.
354 3268 395 3329 ΙΙ,
417 3266 457 3316 18.
474 3268 500 3328 5.
516 3268 545 3328 4,
571 3283 624 3334 quo
647 3275 760 3320 auctore
812 3266 1072 3326 nott.edvll,160.
1443 3328 1444 3333 Ἰ

214 3336 397 3396 hoeaecidit,
412 3351 473 3385 oum
483 3336 664 3402 Anaxagoras
676 3338 761 3403 Argei
846 3326 910 3385 αλλ’
923 3327 1080 3402 α’πιόντων]
1100 3337 1118 3386 ἰ.
1132 3352 1156 3385 e.
1171 3350 1234 3385 oum
1247 3352 1278 3387 re
1291 3338 1363 3387 infe·
1443 3376 1444 3399 3

214 3402 287 3453 filius
298 3419 412 3468 reguum
425 3405 508 3469 Argis
520 3410 636 3455 teneret.
656 3406 692 3455 Et
704 3406 759 3456 vid.
811 3407 859 3453 eta
881 3403 987 3454 domum
1007 3405 1118 3454 abirent
1133 3405 1300 3468 Argivorum
1321 3405 1361 3453 le·
1443 3456 1444 3461 ,

215 3471 698 3605 ‘tetulittitilius
711 3557 760 3591 ιο.
810 3472 1362 3606 &altili’aileissliiidffi
1443 3592 1444 3595 Ν

215 3601 344 3671 turpius,
370 3599 547 3672 αίτεόμενος]
572 3608 673 3658 Omnes
694 3609 760 3659 libri
811 3607 948 3657 Diodorus
965 3607 983 3656 l.
1002 3607 1019 3657 1.
1035 3607 1143 3667 narrat)
1161 3607 1283 3671 indeque
1301 3620 1361 3657 eun
1443 3652 1444 3659 ,

215 3674 313 3737 scripti
333 3667 511 3740 altrepiam,
537 3677 609 3740 quod
627 3676 759 3727 Soliaeie·
810 3673 897 3724 Neleo
922 3677 951 3724 in
972 3674 1041 3738 Pyle
1065 3678 1223 3725 versantem
1248 3675 1363 3753 adituri.
1443 3718 1444 3721 ,

214 3742 759 3804 εοε,οιιοιοτοοειιιι.οι1ι1.ἰτιάοοΒοΙι-
809 3742 841 3790 lu
859 3745 982 3807 proxime
999 3742 1180 3807 sequentibus
1194 3743 1306 3793 verbis:
1321 3756 1363 3801 ις
1443 3774 1444 3777 =

214 3807 282 3857 kero
297 3813 457 3872 sequuntur,
481 3818 579 3875 sponte
596 3814 715 3863 mutavit
731 3814 759 3861 in
811 3800 964 3873 ἐμαίνοντο
986 3806 1081 3861 πολλῶ
1099 3808 1220 3867 πλεῦνες
1237 3809 1296 3860 τῶν
1312 3826 1361 3874 ην·

214 3869 402 3940 αἰτεόμενον,
426 3892 513 3942 eoque
531 3877 627 3929 retulit
643 3895 759 3930 aecusa-
810 3877 918 3927 ναιετῶν
934 3894 987 3929 vox
1004 3862 1099 3942 πολίῷ
1118 3894 1136 3927 ει
1147 3876 1313 3929 Florentino
1322 3878 1360 3927 li·

214 3944 286 3993 tivos
308 3940 462 4009 βασιληίην
481 3959 511 3995 τε
528 3941 577 3995 καὶ
594 3944 757 4013 πολιτηίην,
809 3944 858 3994 bro
876 3946 993 4011 aliisque
1007 3947 1101 4005 abest,
1118 3945 1238 4009 indeque
1255 3948 1361 3999 emisse
1443 3984 1444 3987 η

214 4017 350 4060 commate
367 4016 430 4075 pest
451 4005 564 4062 είιιοὶσαι
581 4015 757 4079 interposite;
809 4028 826 4062 a
838 4013 966 4065 Beklrero
980 4019 1009 4063 et
1020 4013 1176 4073 Dludorfio;
1194 4014 1359 4064 Dietsehius
1443 4044 1444 4047 =

213 4079 340 4142 equidem
365 4093 425 4127 eum
442 4078 705 4145 Schweighaeusero
730 4091 759 4133 et
808 4082 887 4131 uueis
901 4097 962 4131 eam
974 4080 1102 4145 iuelusit,
1115 4082 1215 4147 quibus
1228 4083 1358 4146 equidem

214 4145 373 4196 Gaislordio
383 4147 411 4194 in
421 4146 542 4197 lectione
554 4147 633 4198 libris
645 4150 757 4215 seriptis
807 4147 977 4200 liberandam
1000 4150 1198 4211 duxissem,
1225 4163 1299 4214 quae
1320 4149 1361 4198 nd

212 4212 301 4264 allata
313 4213 463 4263 subsistere
476 4214 573 4274 malui,
591 4231 671 4281 quam
684 4217 756 4267 bene
807 4216 895 4280 ipsam
918 4219 1085 4268 sententiam
1106 4217 1268 4269 necessaria
1290 4218 1360 4268 mihi

212 4285 306 4331 tuetur
328 4280 390 4330 Eltz
419 4281 545 4345 (Jahrbb.
572 4284 591 4333 f.
617 4284 754 4351 Philolog.
805 4285 925 4337 videtur.
942 4288 1047 4336 Furore
1060 4292 1206 4352 correptae
1217 4294 1300 4339 eraut
1309 4290 1361 4337 Ar-

211 4349 307 4417 Suppl.
323 4348 445 4399 Voth.
463 4366 490 4415 p.
511 4350 569 4415 lli)
587 4353 754 4404 Herodotum
806 4352 888 4418 gisae
913 4354 1036 4405 feminae
1062 4348 1112 4406 διὰ
1134 4351 1189 4423 τὴν
1211 4355 1360 4411 Διονύσον
