2834 5142
246 412 304 471 DE
326 412 432 473 VITA
452 412 510 471 ΕΤ
532 410 724 470 SORIPTIS
744 409 981 471 HERODOTI·
1119 414 1180 478 495

67 583 93 634 11
106 581 183 636 Partt
218 582 357 636 Accessit:
380 584 719 653 ‚,hcnicoaHerodoteum,
741 598 797 654 quo
817 588 846 635 et
862 581 929 650 styli
947 582 1098 636 Herodotei
1119 583 1181 636 uni·

65 684 135 719 versa
153 668 218 720 ratio
240 667 381 721 enucleate
403 668 557 738 explicatur
575 675 602 720 et
622 666 826 738 quamplurimi
841 666 983 721 Musarum
998 667 1050 721 loci
1069 687 1101 721 ex
1117 686 1181 738 pro·

64 751 127 804 lesso
144 751 329 821 illustrantur,
350 753 452 822 passim
469 753 548 806 etiam
564 752 662 823 partim
676 752 784 805 Graeca
804 751 884 805 lectio
899 753 996 822 partim
1019 753 1111 806 versio
1128 755 1180 807 La-

63 835 126 903 tine,
146 854 211 907 quas
226 839 310 891 offert
325 839 571 906 Argentoratensis
593 837 695 903 editio,
718 837 762 890 vel
777 837 932 891 vindicatur
953 838 998 891 vel
1010 839 1179 891 emendatur.

61 918 182 974 lnstruxit
209 923 347 976 lohannes
376 923 657 992 Schweighaeuser.“
700 921 880 991 argentorati
906 929 933 975 et
957 922 1075 976 Parisiis
1101 925 1179 978 1824.

61 1003 84 1056 ll
97 1004 159 1059 Voll.
179 1009 205 1061 8.
229 1009 349 1078 itemque
363 1008 484 1061 Irondin.
500 1010 577 1062 1841.
613 1006 673 1059 Hac
687 1007 716 1060 in
733 1007 852 1061 editione
868 1007 935 1077 quid
953 1008 1125 1078 praestiterit
1139 1009 1181 1061 vir

60 1090 215 1162 praeclarus,
243 1093 376 1146 neminem
405 1093 492 1161 fugit,
520 1093 568 1164 qni
590 1094 624 1145 ad
647 1092 817 1145 Herodotum
839 1091 894 1145 ullo
916 1093 995 1145 modo
1020 1094 1179 1147 accesserit.

59 1172 162 1228 'l'exturu
175 1177 291 1231 infinitis
306 1178 373 1230 locis
389 1178 486 1232 melius
499 1177 659 1245 constituit,
676 1177 772 1231 eximie
787 1177 900 1231 adiutus
919 1178 1013 1248 optimi
1025 1177 1180 1232 Florentini

60 1258 146 1312 codicis
161 1280 224 1333 ope3
247 1263 402 1316 versionem
416 1263 541 1316 Latinam
555 1262 644 1315 textui
662 1262 810 1316 subiectam
832 1263 866 1315 de
888 1263 997 1332 integro
1013 1264 1073 1317 fere
1096 1264 1178 1316 relin-

58 1343 104 1411 rit,
127 1354 156 1398 ut
177 1364 262 1416 supra
282 1348 334 1402 iam
353 1349 557 1415 enarravimus,
582 1346 719 1401 variarum
741 1348 886 1401 lectionum
910 1348 1014 1417 copiam
1033 1348 1180 1416 diligenter

58 1428 179 1485 collectam
194 1432 311 1500 adiecit,
326 1434 519 1486 adnotationes
535 1432 713 1500 Wessclingii
731 1440 759 1486 et
771 1432 944 1486 Valckenarii
958 1433 1082 1501 integras
1100 1451 1179 1503 repe-

56 1511 94 1564 tiit
105 1531 222 1587 suasque
238 1518 358 1570 addidit:
380 1518 473 1572 iacobi
488 1518 625 1571 Gronovii
647 1526 727 1570 notas
747 1517 822 1589 quod
843 1518 948 1586 omisit,
970 1518 1065 1572 merito
1085 1517 1179 1571 dolen·

56 1596 117 1650 doru.
152 1601 237 1655 Tomo
256 1608 354 1672 quarto
370 1603 481 1656 additus
499 1610 542 1656 est
559 1601 667 1655 libellus
687 1602 730 1655 De
746 1604 803 1655 vita
816 1603 943 1669 Homeri,
965 1603 1085 1672 itemque
1103 1620 1179 1656 aoce-

55 1680 114 1737 dunt
125 1703 156 1738 ex
167 1686 280 1740 Ctesias
290 1687 410 1741 Persicis
422 1688 561 1759 Excerpta
576 1687 717 1757 quaedam,
735 1704 806 1758 quae
818 1688 910 1741 eadem
922 1676 1099 1756 wesselingii
1110 1705 1178 1757 quo·

54 1782 99 1834 que
109 1770 240 1839 editione,
259 1779 390 1843 utsupra
406 1774 538 1841 diximus,
555 1773 742 1826 continentur.
775 1773 865 1841 Typis
881 1774 998 1842 repetita
1012 1775 1079 1826 haec
1095 1773 1177 1827 editio

54 1850 131 1906 lertur
146 1855 267 1910 Londini
284 1859 357 1928 apud
371 1858 508 1926 Priestley
527 1860 594 1911 1818
616 1875 665 1910 sex
680 1857 768 1925 Voll,
792 1857 885 1910 additi
906 1857 1074 1928 geographid
1089 1859 1177 1911 Hero-

53 1935 134 2006 dotei,
151 1941 258 1995 Aemilii
274 1942 350 1996 Porti
366 1944 468 1997 Lexico
480 1942 591 2011 lonico,
615 1942 707 1995 tabuld
726 1943 857 1996 harcheri
877 1942 1083 2012 chronologici,
1106 1942 1176 2009 aliis,

53 2037 113 2088 quae
126 2027 158 2078 ad
172 2026 344 2080 Herodotum
365 2028 556 2083 illustrandum
572 2028 722 2097 pertinent.
755 2027 826 2081 Mihi
845 2028 915 2080 hanc
929 2028 1076 2082 editionem
1091 2028 1177 2097 inspi-

52 2122 103 2161 cere
115 2112 235 2165 nondum
249 2112 338 2165 licuit.

121 2193 188 2249 Post
200 2197 495 2267 Schweighaeuserum
510 2214 607 2251 novam
617 2196 752 2251 Herodoti
769 2198 916 2251 editionem
930 2197 1177 2269 paravitGaisl'or-

52 2273 117 2345 dius,
131 2298 201 2351 quae
215 2283 323 2353 prodiit
334 2283 458 2337 Oxoniac
477 2286 543 2337 1824
560 2289 588 2336 01
602 2283 630 2335 111
646 2283 796 2336 Germania
811 2300 912 2336 recusa
926 2290 970 2335 est
984 2282 1096 2352 Lipsiae
1111 2285 1177 2336 1824

52 2376 116 2432 seqq.
138 2365 259 2438 itemque
280 2368 391 2421 tertium
407 2368 498 2422 Oxou.
516 2369 592 2422 1849.
614 2369 657 2421 8.τ
685 2368 846 2435 „Herodoti
861 2367 1068 2421 Halicarnassoi
1082 2367 1177 2420 Histo-

52 2445 156 2509 „ritrum
166 2450 233 2506 libri
246 2451 293 2505 lX.
312 2452 438 2507 Codicem
449 2452 590 2505 Sancrofti
601 2454 816 2523 manuscriptum
827 2453 918 2506 denuo
930 2452 1048 2505 contulit
1057 2470 1108 2504 nec
1122 2470 1177 2505 non

54 2530 186 2603 „reliquam
211 2537 340 2592 lectionis
361 2539 524 2592 vvarietatem
546 2537 711 2592 commodius
737 2538 855 2605 digessit
874 2537 994 2590 Thomas
1014 2536 1177 2604 (10101011,ιι

57 2612 143 2671 duobus
161 2622 235 2676 Voll.
257 2622 318 2675 sive
339 2631 471 2695 quattuor
485 2623 595 2691 Tomis,
617 2623 696 2693 prius
710 2621 843 2676 Volumen
864 2624 950 2675 verba
964 2623 1071 2675 Graeca
1089 2622 1177 2675 conti-

58 2705 104 2767 net,
118 2708 217 2774 quibus
234 2706 360 2761 lectionis
378 2709 499 2771 varietas
513 2708 716 2761 accuratissime
733 2707 841 2776 digesta
853 2706 1016 2774 subiicitur3
1035 2706 1177 2777 posterius

59 2790 118 2838 ¹¹⁰lat
132 2790 328 2861 wesselingii,
346 2792 535 2859 Valckenarii,
557 2793 829 2861 Schweighaeuseri,
847 2811 901 2846 non
919 2792 1027 2863 quidem
1042 2793 1176 2860 integras,

55 2869 92 2921 aed
105 2877 216 2930 resectis
233 2877 286 2944 iis,
309 2894 381 2947 quae
395 2878 495 2931 nullam
511 2878 600 2930 adhuc
613 2886 756 2947 praestare
771 2878 901 2931 videntur
918 2876 1060 2931 utilitatem
1068 2874 1107 2949 *).
1142 2876 1176 2928 In

54 2956 114 3008 11111
129 2960 327 3015 constituendo
341 2962 480 3016 Sancrofti
501 2962 595 3015 codice
610 2962 707 3015 eximio
727 2962 801 3015 illum
815 2962 937 3016 adiutum
951 2961 1041 3015 fuisse
1060 2961 1111 3013 iarn
1129 2978 1176 3013 su-

51 3044 131 3105 1111.
154 3049 186 3100 18
210 3046 346 3115 diximus,
374 3054 406 3101 ut
430 3065 498 3100 sane
517 3047 851 3116 Schweighaeuserianam
875 3047 1063 3101 recensionem
1082 3052 1176 3099 textus

51 3119 110 3177 11111
122 3132 218 3198 paucis
240 3131 269 3184 in
293 3132 362 3185 locis
382 3132 592 3186 emendatiorem
609 3133 768 3186 exhibuisse
785 3131 927 3202 potandus
943 3132 996 3184 sita
1018 3149 1104 3202 quare
1126 3148 1175 3182 no-

48 3211 110 3263 suae
123 3215 254 3270 editionis
274 3217 376 3285 prioris
393 3217 599 3270 fundamentum
620 3217 776 3287 posuimus,
798 3217 840 3270 his
855 3217 923 3270 locis
937 3217 1016 3269 modo
1033 3215 1175 3268 disceden-

47 3298 95 3360 lw,
110 3299 154 3351 ubi
168 3301 351 3354 Gaisiordius
367 3302 448 3355 nimio
462 3302 564 3355 codicis
576 3301 762 3356 Sancroitiani
773 3302 866 3354 studio
879 3303 1010 3371 abreptus
1022 3318 1085 3353 esse
1096 3300 1176 3352 nobis

48 3375 195 3454 ridebatur,
221 3392 272 3439 aut
286 3386 334 3439 ubi
349 3394 473 3440 nostrum
487 3387 618 3441 iudicium
633 3386 722 3440 secuti
739 3402 756 3439 a
772 3386 890 3439 lectione
904 3393 1014 3455 recepta
1032 3384 1173 3437 disceden-

46 3459 98 3517 dum
112 3486 173 3524 esse
188 3469 371 3542 putabamus3
396 3489 471 3526 nunc
488 3472 612 3543 quidem,
629 3472 657 3524 in
673 3473 724 3524 hac
739 3471 825 3524 altera
843 3470 963 3524 editione
978 3469 1023 3523 vel
1037 3470 1123 3538 magis
1140 3468 1175 3522 ab

45 3624 235 3648 κ,-

103 3732 130 3799 *)
146 3737 179 3787 ln
188 3738 235 3790 his
245 3739 324 3805 ponit
334 3738 507 3790 Gaislordins
520 3754 651 3790 censuras
665 3738 794 3790 editionis
804 3753 821 3788 a
830 3738 1033 3789 IaeGrouovio
1045 3753 1173 3803 procura-

44 3798 94 3862 lte,
106 3804 236 3857 vitiorum
249 3808 487 3873 interpretationis
499 3809 619 3858 Latinae
633 3822 650 3856 a
662 3806 813 3857 Laurentio
825 3806 908 3857 Valla
923 3806 1069 3856 confectae
1082 3821 1173 3855 emen-

44 3863 187 3944 dationem,
206 3876 349 3925 rariarum
364 3872 513 3926 lectionum
531 3875 716 3926 verbosiorem
731 3889 811 3940 quam
823 3890 874 3940 par
886 3874 969 3924 luerit
981 3889 1174 3925 commemora·

44 3936 143 3989 tionem.
174 3942 249 4003 „His
262 3943 395 4007 aliisque,
412 3944 504 4011 pergit
517 3943 670 4007 Gaisford.,
685 3943 805 3993 eiusdem
819 3943 928 4007 generis
940 3942 1071 4003 sublatis,
1090 3942 1174 3991 itaut

43 4018 145 4061 „etrum
164 4010 435 4062 animadversionum
451 4027 516 4077 pars
533 4010 644 4061 circiter
662 4016 761 4075 quarta
777 4010 928 4073 deleretur,
948 4010 1058 4061 servavi
1073 4008 1173 4059 illaesa

43 4074 151 4149 00111110,
165 4092 238 4142 quae
248 4079 292 4129 vel
301 4081 456 4130 sententias
466 4080 588 4129 auctoris
598 4078 680 4143 paulo
690 4077 861 4129 difficiliores
872 4078 1020 4143 aperirent,
1033 4077 1079 4128 vel
1088 4076 1172 4126 histo-

43 4152 122 4195 nntm
133 4151 258 4197 veterem
274 4146 448 4198 illustrarent
464 4148 508 4197 vel
527 4146 651 4197 eruditae
668 4146 842 4212 antiquitatis
860 4146 991 4198 studiosis
1010 4160 1171 4212 quocunque

42 4208 131 4264 amodo
142 4214 314 4277 prodessent.
345 4215 429 4264 Immo
446 4214 564 4265 fideliter
580 4215 792 4279 pronuntiarim,
810 4213 880 4263 nihil
897 4215 956 4265 lere
969 4229 1011 4263 me
1025 4213 1169 4274 abiecisse,

42 4275 106 4350 011111
119 4281 189 4344 quod
201 4282 256 4332 viri
267 4283 497 4347 praestantissimi
515 4286 544 4332 et
560 4283 708 4347 praeconio
726 4298 786 4332 meo
803 4281 886 4348 louge
903 4282 1034 4341 maiores,
1055 4282 1078 4330 si
1089 4280 1170 4329 hodie

42 4355 84 4399 „ra
99 4346 168 4397 vivis
187 4356 282 4400 essent
301 4351 456 4415 nostrisque
473 4355 616 4402 uterentur
638 4357 667 4401 et
683 4350 859 4416 opinionibus
876 4356 904 4400 et
921 4348 1089 4414 disciplinis,
1117 4348 1171 4413 ipsi

6 4410 8 4457 l
41 4412 149 4477 ‚stupida
162 4419 353 4470 resecarent.“
634 4418 639 4427 '
