2826 5132
354 385 616 447 OALLIOPE.
642 386 700 445 IX.
721 393 853 448 85-88.

1111 389 1173 450 347

63 557 242 646 λορνίουσι,
276 552 370 646 ἡμεῖς
400 553 502 646 ἡμέας
532 553 654 637 αὕτούς
691 560 723 637 ἐς
759 551 951 644 ἀντιλογίην
981 558 1172 646 παρέξομεν.

63 653 157 743 Κίρτα
172 685 206 726 τε
223 662 314 741 ἔδοξε
333 648 373 727 eri
389 661 498 747 λέγειν
515 661 570 727 καὶ
595 663 626 739 ἐς
649 654 780 747 καιρόν·
811 653 931 727 αὐτίκα
953 686 989 727 τε
1015 662 1173 747 ἐπεκηρυ-

63 756 177 828 κεύοντο
193 755 273 846 πρὸς
291 764 491 846 Παυσανίην
509 764 543 829 ol
559 766 710 847 Θηβαῖοι,
736 760 892 839 θέλοντες
911 758 1079 829 ἐκδιδόναι
1096 756 1173 840 τούς

62 854 173 947 ἄνδρας.
205 853 260 940 Ὡς
285 861 322 929 δὲ
345 857 561 951 ὡμολόγησαν
585 863 638 930 ἐπὶ
661 857 824 947 τούτοισι,
840 856 1025 948 Ἀτταγῖνος
1043 861 1104 949 μὲν
1123 864 1172 929 ἐκ·
1180 867 1220 929 88

63 958 210 1048 ίιίοήσκει
228 965 265 1031 ἐκ
280 964 342 1031 τοῦ
352 960 478 1050 ἄστεος,
496 968 619 1043 παῖδας
637 961 674 1031 dt
693 957 798 1031 αὐτοῦ
813 958 1023 1050 ἀπαχθέντας
1037 972 1173 1031 Παυσα-

62 1068 121 1150 νίης
135 1057 274 1132 ἀπέλυσε
290 1066 347 1151 τῆς
365 1071 482 1152 αἰτίης,
501 1060 566 1152 poia
584 1067 645 1133 τοῦ
660 1067 830 1153 μηδισμοῦ
840 1069 961 1143 παῖδας
973 1059 1075 1132 οὐδὲν
1088 1061 1173 1133 εἶναι

61 1170 229 1248 μεταιτίους.
266 1161 344 1246 τούς
368 1165 405 1235 dl
421 1162 542 1245 ἄλλους
559 1161 685 1253 ἄνδρας
702 1160 780 1244 τούς
799 1167 953 1247 ἐξέδοσαν
970 1169 1004 1233 ol
1021 1170 1173 1252 Θηβαῖοι,

61 1268 87 1331 ol
98 1263 150 1352 pis
166 1263 299 1335 ἐδόκεον
316 1263 503 1355 ἀντιλογίης
520 1295 555 1335 τε
572 1264 745 1355 κυρήσειν,
765 1268 820 1335 καὶ
837 1262 878 1353 δι]
889 1262 1030 1356 χρήμασι
1045 1268 1173 1335 ἐπεποί-

27 1375 153 1434 messos
169 1369 382 1437 διωθέεσθαι.
418 1363 435 1437 ὁ
455 1367 492 1437 dl
511 1363 555 1449 ὥς
573 1369 749 1457 παρέλαβε,
768 1363 971 1436 adonisedec
989 1362 1173 1453 ὑπονοέων,

60 1461 108 1552 τὴν
121 1465 274 1558 στρατιὴν
290 1465 352 1556 τὴν
368 1472 436 1538 τοῖν
453 1466 634 1559 συμμάχων
651 1464 785 1537 ἅπασαν
801 1464 924 1556 ἀπῆκε,
951 1470 1007 1538 καὶ
1027 1471 1173 1548 ἐκείνους

60 1560 171 1655 ilerda
188 1572 220 1649 ἐς
237 1567 411 1658 Κόρινθον
434 1573 615 1660 διέφθειρε.
646 1572 756 1639 Ταῦτα
778 1570 839 1659 μὲν
862 1565 902 1638 τοὶ
927 1572 964 1639 ἐν
987 1573 1173 1659 Πλαταιῇσι

60 1670 102 1737 al
117 1667 240 1760 Θήβησι
257 1668 430 1760 γευόμενα.

59 1905 159 1963 possum,
168 1902 300 1967 plectere,
312 1918 475 1969 quamquam
485 1904 579 1954 tristes

59 1966 188 2019 istiusmodi
199 1984 308 2037 poenae
321 1972 350 2020 in
362 1971 507 2023 annalibus
520 1971 579 2036 plu·

59 2050 103 2095 res,
120 2038 257 2088 sconsilio
271 2038 375 2099 dando,
394 2055 429 2088 ne
447 2038 520 2089 aliud
534 2039 580 2088 ad-

59 2116 149 2164 ponam,
178 2107 277 2155 merito
303 2121 397 2156 omncs
421 2106 578 2157 deterrebit.

58 2168 173 2235 Egregiae
202 2173 238 2223 ad
262 2172 335 2223 hano
361 2190 418 2224 rem
441 2173 579 2237 Bynlrers·

58 2233 133 2287 loelli
147 2239 259 2300 Quaest.
277 2241 331 2290 lur.
349 2241 429 2291 Publ.
441 2240 508 2304 11,s
525 2241 580 2290 dis-

59 2304 195 2380 pubitiones
212 2312 286 2358 sunt
310 2308 365 2358 Sed
376 2309 472 2359 horum
489 2309 579 2358 oratio

60 2370 162 2422 ulutate
178 2381 206 2424 et
217 2390 306 2425 cansa
323 2375 416 2441 dispar
428 2381 479 2427 est.
504 2375 577 2426 civi-

59 2442 126 2487 tatem
135 2441 295 2493 Thebanam
308 2458 456 2508 paucorum
470 2459 579 2509 oppres·

59 2512 134 2583 serant
147 2509 287 2560 dominatu
304 2511 473 2576 invitamque
491 2512 519 2561 in
537 2512 579 2560 la-

60 2576 155 2624 etonem
180 2577 380 2642 compulerant.
420 2579 498 2628 Haec
525 2578 579 2629 lide

59 2638 191 2695 Pausaniae
203 2646 254 2706 IX,
267 2643 293 2694 6.
307 2647 330 2707 9.
346 2645 389 2694 1.“
408 2671 439 2680 —-
456 2645 489 2695 ln
502 2662 578 2711 seqq.

61 2706 86 2754 ra
98 2708 252 2762 locutionem
272 2704 301 2771 ic
318 2705 420 2776 καιρὸν
439 2714 512 2766 conf.
531 2714 578 2775 lv,

61 2770 185 2842 lillibiqne
194 2785 267 2830 nott.
281 2780 578 2845 Lobeck.adSophocl.

60 2841 119 2892 bisc.
131 2844 168 2896 32.
186 2863 252 2912 pag.
265 2846 300 2896 85
318 2853 346 2897 et
364 2849 397 2897 de
415 2849 500 2899 verbo
520 2839 579 2898 ἐπι-

60 2914 248 2971 1ῑηηυιιευεσθαι
266 2914 322 2964 vid.
340 2920 410 2965 nott.
428 2915 463 2964 ad
475 2916 524 2979 VI,
536 2914 578 2966 97.

174 3116 241 3168 Car.
259 3118 438 3168 LXXXVIII.

85 3236 114 3304 ὗε
138 3243 168 3300 li
195 3243 384 3316 ὡμολόγησαν
414 3243 470 3302 ἐπὶ
501 3245 579 3301 sod-

62 3324 131 3364 τοιτι
160 3318 241 3369 Comi.
254 3324 323 3370 nott.
338 3320 372 3369 ad
385 3319 430 3381 IX,
445 3318 486 3373 26.

85 3385 130 3431 zai
145 3401 177 3443 ας
198 3377 290 3436 οὐδὲν
310 3379 386 3437 εἶναι
405 3384 578 3452 μεταιτίους]

61 3446 171 3522 3‚Dslicta
188 3452 324 3504 scelerum
347 3459 472 3504 auctores
490 3454 579 3516 luunt3

61 3514 158 3591 diruas
178 3520 290 3571 consilii
309 3521 428 3571 absolvit
449 3522 579 3572 innocen·

61 3586 98 3630 tn.
117 3584 207 3638 Cicero
219 3589 456 3640 verissimus).
473 3590 523 3649 ΙΙΙ,
537 3586 579 3639 38.

15 3656 17 3675 Ι
62 3646 129 3702 llulta
139 3655 227 3706 Faber
240 3655 357 3706 Semest.
369 3656 419 3717 111,
430 3655 474 3706 8.“
492 3657 580 3706 Wes-

61 3722 148 3785 srlirp.
174 3723 294 3773 Esacra
310 3723 446 3788 scriptura
458 3723 579 3773 Larcbe·

62 3797 95 3833 rus
104 3785 149 3838 hae
157 3795 319 3855 spectantes
332 3790 413 3841 affert
421 3790 498 3841 locos
508 3791 581 3840 Deu-

16 3890 18 3923 ,
63 3856 129 3904 teron.
139 3856 235 3919 XXIV,
252 3856 291 3907 lu.
309 3858 410 3908 Ezech.
421 3859 522 3918 XVIII,
535 3858 577 3907 20.

17 3932 19 4003 Ι
63 3914 191 3973 Hermam
211 3924 283 3975 haec
306 3941 339 3975 eo
357 3927 446 3990 magis
468 3930 579 3976 notasse

62 3984 161 4053 videtur,
177 3993 249 4057 qnod
265 3992 338 4044 alias
354 3993 511 4058 plerumque
529 3992 580 4042 filii

17 4006 19 4147 Ι
62 4061 195 4119 “posteri
215 4065 360 4125 parentum
378 4061 482 4110 delicta
503 4060 579 4110 luere

17 4150 20 4197 1
85 4185 126 4251 tl,
146 4164 192 4243 alii
204 4127 243 4244 ileo
254 4127 580 4260 liiiasrigraisldscigtiirii

62 4250 286 4323 temnimus,
306 4270 334 4312 et
345 4272 414 4315 nott.
429 4262 464 4313 ad
479 4263 523 4325 VI,
536 4260 578 4311 86.

18 4334 20 4403 3
63 4316 114 4380 te.
134 4322 196 4391 lui,
211 4328 261 4381 rsa
283 4330 346 4381 τοο.
365 4326 422 4380 rar.
458 4330 581 4380 Prosunt

631 1909 723 1954 autem
740 1904 811 1953 haec
829 1918 916 1968 aeque
935 1908 1016 1968 atque
1036 1919 1083 1964 ea,
1103 1919 1173 1967 quae

630 1972 676 2031 IX,
695 1970 729 2021 79
749 1971 911 2036 produntur,
934 1972 1091 2020 Pausaniae
1115 1973 1173 2019 ani-

631 2055 702 2089 mum
714 2055 779 2090 vero
791 2039 934 2088 sublimem
947 2043 975 2087 et
988 2039 1021 2088 ab
1035 2055 1068 2088 ea
1081 2054 1174 2103 snper·

631 2107 692 2169 bia,
712 2107 789 2156 cuius
801 2111 864 2171 post
881 2106 1081 2167 accusabatur,
1104 2106 1172 2155 alie·

631 2190 702 2225 num.
721 2199 753 2209 -
771 2174 812 2223 Ad
824 2189 900 2238 seqq.
915 2175 1090 2224 accusativos
1107 2166 1174 2230 τούς

630 2232 733 2299 ἄλλους
750 2230 873 2303 ἄνδρας,
891 2233 958 2298 τούς
976 2246 1030 2290 etc.
1049 2241 1122 2290 conf.
1140 2242 1172 2297 V,

630 2308 680 2360 103
692 2315 721 2359 et
731 2310 768 2369 ΙΙ,
783 2307 839 2369 106,
857 2308 905 2357 ubi
921 2308 1038 2357 similem
1055 2313 1173 2358 structu-

630 2393 688 2427 ram
702 2375 953 2427 animadvertimus.

674 2470 796 2544 χρήμασι
827 2468 1023 2527 ἐπεποίθεσαν
1053 2470 1172 2526 διωθέε-

631 2543 720 2611 σθαι]
747 2536 955 2602 ἐπεποίθεσαν,
981 2543 1050 2607 quod
1075 2544 1173 2593 Portus

631 2618 797 2675 correxerat,
809 2611 956 2670 Sancrol'ti,
968 2611 1083 2660 aliorum
1094 2610 1172 2660 codd.

631 2681 797 2730 auctoritate
822 2695 894 2729 nunc
923 2679 994 2729 bene
1018 2679 1173 2727 restitutum

631 2754 674 2799 est
697 2749 725 2797 in
747 2752 825 2797 tanta
846 2746 969 2797 codicum
991 2746 1173 2795 dissensione.

630 2818 667 2866 Et
678 2815 777 2864 dudum
791 2815 830 2863 ita
844 2816 962 2864 iusserat
973 2813 1174 2877 Wesselingins

629 2885 704 2933 Dies.
724 2882 825 2932 Herod.
844 2882 890 2932 ΙΙΙ.
907 2898 933 2947 p.
949 2881 1004 2932 137.
1030 2880 1175 2930 Sententia

630 2950 766 3000 Herodoti
777 2949 847 2999 haec
861 2954 915 2999 est:
933 2955 1009 3016 αίηιιο
1025 2951 1099 2997 etiam
1113 2963 1174 2997 con-

627 3019 749 3082 sidebunt,
762 3020 895 3067 servimen
908 3032 929 3069 s.
941 3020 1038 3082 culpam
1051 3015 1125 3078 (narn
1140 3032 1173 3065 ex

632 3084 859 3136 antecedentibus
886 3084 970 3134 facile
998 3075 1052 3148 τὴν
1076 3078 1174 3148 αἰτίην

629 3158 741 3233 repetas
752 3152 831 3231 licet)
842 3154 956 3217 pecuniis
967 3153 1073 3203 amoliri.
1092 3150 1174 3230 Haud

631 3221 752 3270 alionum
774 3220 894 3278 videtur,
921 3219 990 3283 quod
1009 3219 1172 3279 Pausanias,

631 3303 691 3337 cum
711 3287 816 3351 aliquot
839 3287 919 3336 annis
941 3291 1002 3351 post
1025 3290 1174 3334 accusatus

630 3354 792 3421 proditionis
809 3354 936 3417 Spartam
960 3352 1075 3409 rediret,
1101 3352 1173 3400 idem

631 3424 700 3473 iecit
714 3422 763 3470 eti
783 3435 812 3470 se
825 3414 965 3470 πιστεύων
977 3412 1099 3485 χρήμασι
1114 3417 1173 3469 δια·

631 3485 727 3540 λύσειν
739 3436 791 3553 τίν
804 3480 955 3554 διαβολὴν,
974 3491 1087 3537 auctore
1100 3487 1174 3536 'lhu-

632 3556 729 3621 cydide
743 3557 763 3615 Ι,
781 3554 841 3617 Ι3Ι;
864 3555 993 3604 observat
1010 3554 1107 3604 Grote:
1126 3555 1174 3603 lli-

631 3630 705 3687 story
718 3624 748 3673 of
760 3623 864 3673 Greece
878 3623 909 3671 V.
923 3640 948 3688 p.
962 3621 1020 3673 250.

665 3715 738 3775 αὐτοὶ
757 3722 847 3775 ταῦτα
863 3713 1020 3787 ὑπονοέων]
1039 3724 1057 3773 i.
1077 3740 1100 3773 e.
1120 3739 1174 3773 εααι

630 3796 711 3857 ipsam
731 3793 875 3856 concipiens
897 3791 1076 3855 suspicionem,
1101 3791 1173 3841 velle

629 3860 692 3912 scil.
710 3876 757 3910 eos
774 3860 893 3924 pecunid
909 3858 1004 3909 oblata
1019 3875 1048 3908 se
1066 3859 1174 3908 subtra-

630 3928 706 3977 here.
735 3926 859 3976 Similem
878 3928 906 3976 ln
923 3927 1031 3977 modum
1048 3916 1173 3990 ὑπονοή-

630 4009 731 4052 σαντες
741 3995 813 4044 inlra
824 3995 875 4055 IX,
888 3992 930 4043 99.
960 3993 1106 4043 Caeterum
1120 3998 1173 4043 tra·

631 4063 672 4112 dit
688 4077 794 4127 quoque
807 4061 943 4111 Diodorus
955 4062 1006 4123 XI,
1027 4061 1071 4123 33,
1094 4076 1173 4126 prae-

632 4130 728 4195 cipuos
752 4129 917 4179 delectionis
943 4132 1083 4191 auctores,
1113 4144 1173 4178 eum

631 4197 780 4248 deditionis
801 4196 953 4262 perieulum
970 4197 1133 4257 subiissent,
1157 4211 1174 4245 a

630 4265 774 4315 Pausania
802 4265 937 4330 supplicio
968 4279 1028 4314 esse
1059 4262 1173 4312 affectos

632 4348 733 4383 omnes.
