2900 5122
208 374 270 434 276
645 364 913 426 HERODOTI

207 539 345 629 νόμενος
363 536 593 628 Σπαρτιήτης,
618 540 859 626 συγκαταιρέει.
887 540 1005 626 μοῦνοι
1024 537 1062 605 δὲ
1081 534 1122 624 δὴ
1140 535 1277 607 πάντων
1293 532 1351 607 ἄν·

207 640 357 732 θρώπων
384 643 535 729 ἐγένοντο
562 628 653 710 οὗτοι
680 637 909 729 Σπαρτιήτῃσι
935 641 1098 726 πολιῆται.
1129 644 1165 708 οἱ
1189 639 1227 708 δὲ
1253 643 1354 709 πέντε

206 738 333 832 dynvas
351 748 423 812 eide
442 744 609 831 ἐγένοντο·
639 736 685 822 εἷς
703 742 765 830 μὲν
783 743 838 810 καὶ
856 744 984 831 πρῶτος
1002 729 1098 820 οὗτος
1115 734 1133 809 ὁ
1152 743 1188 810 ἐν
1205 750 1352 810 Πλαται-

207 849 280 934 ῇσι,
306 847 360 915 ἐστὶ
385 844 422 913 δὲ
444 838 462 913 ὁ
482 847 518 913 ἐν
541 845 644 933 Τεγέῃ
663 840 744 934 πρὸς
767 840 928 930 Τεγεήτας
945 870 981 911 τε
999 844 1054 911 καὶ
1069 838 1239 933 Ἀργείους
1256 840 1352 930 γενό-

208 1025 302 1060 omnes
319 1009 384 1058 libri
402 1010 499 1073 scripti
512 1008 643 1070 afferunt,
664 1024 680 1058 a
693 1008 752 1073 qai·
804 1012 932 1057 recenset
944 1008 1063 1057 Pausan.
1076 1007 1129 1067 Ill,
1145 1007 1183 1057 ll.
1196 1007 1220 1068 ς.
1233 1006 1250 1055 6
1262 1008 1354 1072 ipsum

208 1079 331 1128 bussina
344 1078 445 1127 idonea
458 1076 753 1126 causadiscedereno-
804 1076 972 1125 Herodotum
1006 1075 1190 1139 probabiliter
1227 1080 1353 1124 secutus.

206 1146 255 1195 lui.
296 1146 328 1195 ln
350 1159 425 1208 seqq.
447 1138 643 1210 μαντεύεσθαι
665 1147 751 1194 satiri·
805 1143 883 1204 Quae
917 1148 978 1207 post
1006 1143 1200 1192 Plataeeusem
1230 1157 1354 1208 pugnam

207 1215 287 1262 nandi
302 1214 440 1262 notionem
461 1211 560 1274 babet,
585 1218 615 1260 nt
635 1211 753 1262 diximus
805 1216 1051 1260 commemorantur
1072 1210 1269 1275 Spartanorum
1295 1226 1355 1260 cer-

209 1278 363 1343 sd1x‚33.
804 1278 922 1339 tamine,
941 1278 1059 1328 alterum
1076 1293 1138 1328 cnm
1149 1278 1286 1343 Tegeatis
1304 1279 1354 1328 Ar-

242 1339 451 1414 ovyaurusotss]
464 1347 484 1397 i.
495 1362 519 1397 e.
531 1348 566 1397 ad
576 1347 687 1397 maxima
698 1363 753 1397 cer·
805 1346 945 1412 pirisque,
970 1343 1086 1395 alterum
1111 1361 1172 1396 cum
1194 1346 1355 1397 Arcadibus

207 1418 302 1465 taurina
319 1415 432 1479 feliciter
450 1417 603 1480 parapanda
623 1430 692 1464 αισα
710 1416 751 1464 ille
804 1415 991 1477 commissum,
1007 1413 1134 1463 incidunt
1149 1413 1223 1463 intra
1240 1412 1353 1478 Olymp.

206 1500 310 1548 opernm
319 1485 422 1533 contulit
432 1483 569 1547 Spartanis
579 1498 601 1532 s.
611 1482 693 1548 epsrd
704 1483 752 1532 suci
803 1482 911 1543 LXXV,
922 1481 938 1530 2
948 1486 976 1531 ot
985 1481 1135 1539 LXXVIII,
1145 1482 1170 1543 d,
1184 1481 1354 1531 observante

208 1551 363 1613 (divinandi
379 1550 439 1601 scil.
453 1550 523 1612 arte)
541 1549 687 1615 Spartanos
706 1552 751 1600 od-
803 1549 834 1599 O.
845 1549 878 1599 Ο.
891 1547 1038 1599 Muellero:
1055 1550 1123 1599 Dor.
1137 1548 1158 1598 Ι.
1176 1564 1202 1614 p.
1224 1547 1287 1612 188,
1308 1548 1355 1613 qui

206 1621 275 1670 ιἰιιιίι.
305 1620 384 1672 Coui.
397 1625 464 1669 nott.
484 1618 518 1668 ad
531 1618 649 1676 V11‚ao.
679 1619 751 1668 Pau·
803 1617 901 1667 merito
920 1617 955 1666 ad
973 1617 1044 1666 haec
1058 1616 1166 1666 attendi
1182 1615 1250 1666 uult,
1284 1617 1356 1666 Nam

207 1686 422 1745 sauias111,ll.
439 1685 492 1748 §.6
508 1686 580 1736 huuc
599 1687 627 1734 iu
645 1686 752 1736 modum
803 1686 887 1734 unica
904 1685 962 1735 lere
980 1689 1024 1735 est
1035 1686 1139 1734 mentio
1152 1699 1260 1745 eorum,
1283 1698 1355 1748 qnae

206 1753 277 1805 haec
295 1754 422 1820 protulitr
445 1751 545 1819 σφίσιν
562 1744 578 1804 ὁ
593 1747 752 1817 Τισαμενὸς
803 1758 866 1818 post
888 1753 990 1803 Persas
1014 1751 1138 1802 devictos
1162 1752 1191 1801 iu
1214 1750 1354 1818 Pelopon·

206 1812 320 1887 ἀγῶνας
332 1815 458 1886 πολέμου
470 1816 555 1872 πέντε
568 1813 690 1887 ἐνίκησε.
803 1835 870 1869 nese
888 1820 959 1870 inter
976 1821 1050 1884 ipsos
1066 1819 1287 1885 Peloponnesios
1310 1835 1356 1869 ac·

240 1889 342 1956 μοῦνοι
361 1883 393 1940 δὲ
407 1883 443 1954 δὴ
456 1886 573 1940 πάντων
588 1879 753 1953 α’νθροὶιιισα
805 1888 931 1938 ciderint.
961 1889 1103 1952 Tegeates
1116 1887 1265 1951 Spartanis
1285 1903 1356 1937 sern-

208 1948 339 2023 ἐγένοντο
353 1945 432 2007 οὖτοι
442 1953 639 2022 Σπαρτιήτῃσι
652 1955 752 2022 πολιῇ·
803 1971 853 2022 per
865 1956 987 2005 infensos
1000 1955 1087 2005 fuisse
1099 1955 1237 2005 novimum
1252 1956 1303 2021 qui
1315 1971 1356 2006 re-

206 2038 253 2075 ται
281 2027 341 2075 Hoc
355 2040 423 2074 sane
435 2040 515 2075 nemo
528 2025 681 2085 mirabitur,
695 2025 751 2089 qui,
805 2022 948 2073 conciliati
966 2038 1028 2072 cum
1040 2022 1186 2087 Spartanis
1204 2024 1355 2088 iisqueso·

207 2108 258 2158 ραι
274 2095 297 2142 is
321 2093 431 2143 omniuo
453 2094 578 2142 civitatis
596 2092 751 2156 Spartanae
805 2092 873 2141 ciati
881 2106 930 2156 per
940 2090 1042 2141 bellum
1053 2092 1195 2143 Persicum
1206 2092 1276 2153 (vid.
1284 2097 1356 2141 nott.

206 2162 291 2210 fuerit
303 2161 373 2209 ratio
386 2166 468 2225 atque
482 2160 602 2218 indoles,
622 2160 691 2210 bene
704 2174 751 2208 no·
805 2159 839 2208 ad
851 2160 902 2217 IX,
916 2158 959 2222 26)
977 2164 1075 2224 postea
1092 2159 1227 2208 disiuncti
1245 2161 1356 2224 priores

207 2229 260 2277 vit:
280 2233 311 2276 ut
328 2228 355 2276 in
373 2243 427 2292 qna
443 2228 478 2277 ob
496 2227 661 2277 artissimam
673 2227 751 2276 illam
803 2227 967 2276 inimicitias
979 2241 1127 2276 renovasse
1139 2226 1281 2277 ridentur.
1307 2228 1357 2275 Ar-

206 2297 330 2360 sttrpium
343 2297 550 2361 cognationem,
569 2310 640 2360 quae
656 2296 752 2345 eadem
803 2294 875 2359 giris
887 2295 970 2343 etiam
983 2302 1132 2360 perpetuas
1146 2295 1204 2345 lere
1222 2295 1302 2344 rixas
1315 2300 1357 2344 at·

207 2365 236 2413 in
248 2364 372 2413 omnibus
382 2364 484 2413 Dorum
494 2364 629 2413 Institutio
642 2364 751 2428 conspi·
804 2377 856 2427 que
870 2363 1062 2412 contentiones
1075 2378 1136 2412 cum
1149 2363 1301 2427 Spartanis
1314 2363 1355 2412 iu·

207 2447 272 2493 cua,
303 2432 477 2496 peregrinum
502 2432 647 2481 admittere
671 2431 751 2480 fami·
803 2429 1357 2496 isseaccepimus:quippeqnorumprin·

207 2500 306 2564 liisque
321 2501 473 2549 immiscere
488 2499 569 2549 nefas
587 2499 749 2549 habebatur.
804 2498 939 2562 cipetum,
963 2498 1131 2559 ut'videtur,
1155 2498 1358 2548 detrectabant
1448 2490 1449 2527 t

208 2569 304 2632 Itaque
327 2570 444 2617 maxime
463 2567 655 2628 memorabile,
681 2566 751 2631 qnod
804 2566 922 2630 indeque
936 2566 1020 2615 etiam
1033 2566 1062 2614 in
1075 2565 1189 2616 Persico
1201 2564 1279 2616 bello
1293 2581 1357 2615 cae·

208 2651 225 2685 a
241 2637 377 2702 scriptore
401 2635 447 2684 hic
471 2635 607 2700 proditur,
632 2649 752 2699 vereque
804 2633 1007 2683 terosGraocos
1016 2633 1088 2683 haud
1099 2633 1281 2694 adiuvabant,
1291 2648 1357 2684 neu-

206 2704 326 2765 unicum,
338 2703 408 2768 quod
415 2704 580 2753 Tisamenus
589 2702 672 2753 Eleus
682 2704 753 2752 eius·
803 2705 904 2750 trorum
918 2706 1012 2766 partes
1025 2702 1123 2751 secuti.
1142 2702 1200 2751 Nec
1213 2701 1299 2767 plura
1310 2717 1358 2751 no·

207 2786 259 2835 que
273 2771 359 2820 frater
372 2770 478 2834 Hegias
491 2773 519 2820 in
530 2772 671 2821 Laconum
684 2772 751 2821 civi·
804 2769 846 2819 bis
863 2770 1008 2820 innotuere
1026 2770 1059 2819 de
1078 2769 1278 2834 Spartanorum
1297 2785 1356 2819 oer-

206 2843 292 2887 tatem
310 2838 351 2886 ita
369 2843 496 2901 receptus
514 2838 581 2897 tuit,
598 2846 629 2888 ut
646 2838 751 2902 eodem,
803 2837 953 2887 taminibua
983 2852 1044 2887 eum
1068 2837 1216 2887 Arcadibus
1240 2838 1356 2893 ricinis,

207 2921 260 2969 quo
284 2906 389 2953 caeteri
408 2903 540 2969 Spartani
562 2906 622 2954 veri
647 2921 680 2954 ao
705 2921 751 2970 ge·
804 2919 871 2970 quos
888 2905 1006 2970 Spartae
1028 2906 1086 2954 sive
1104 2905 1278 2955 dominatum
1296 2907 1356 2955 sive

207 2971 284 3037 guini
304 2961 410 3035 (ὅμοιοι
427 2972 586 3035 vocantur),
610 2978 753 3023 uterentur
802 2973 988 3037 principatum
1013 2973 1085 3022 terre
1108 2972 1230 3023 noluisse
1259 2988 1298 3023 ac
1322 2974 1355 3023 de

206 3041 265 3088 iure
291 3039 441 3103 iisdemque
462 3039 618 3089 fruerentur
638 3040 749 3104 privile·
803 3055 931 3105 agrorum
960 3041 1085 3090 terminis
1113 3055 1175 3090 cum
1203 3041 1357 3105 Spartanis

206 3108 275 3171 giis,
295 3107 393 3171 quibus
410 3106 535 3171 legitime
547 3107 608 3156 nati
620 3106 751 3172 Spartani
803 3108 977 3158 contendisse
997 3107 1131 3158 credibile
1151 3115 1201 3158 est.
1237 3108 1282 3157 Ae
1301 3114 1356 3158 ter·

205 3176 345 3235 fruuntur,
360 3175 751 3239 quiuinunametiamrece-
802 3176 870 3225 tiam
898 3174 971 3225 hanc
994 3191 1113 3242 pugnam
1139 3166 1171 3226 ἔτ
1194 3174 1357 3227 Διπαιεῦσι

205 3244 247 3308 pti
270 3243 370 3293 tribum
395 3259 409 3292 e
430 3243 518 3292 tribus
538 3242 595 3292 illis
616 3242 749 3305 tribubus,
802 3242 869 3306 (ie.
884 3242 919 3292 ad
935 3244 1135 3308 Dipaeeusium
1152 3243 1265 3305 urbem,
1290 3259 1357 3294 nam

205 3309 303 3374 quibus
316 3312 404 3361 omnis
417 3311 543 3361 constitit
553 3309 750 3376 Spartanorum
803 3316 831 3360 et
842 3308 954 3361 Δίπαια
972 3315 1000 3360 et
1018 3305 1173 3371 Διιταιιύς,
1191 3312 1266 3376 qnod
1286 3327 1357 3378 gen·

205 3379 314 3432 civitas.
343 3380 386 3429 De
399 3379 534 3443 Tyrtaoo,
548 3394 627 3443 qoem
640 3379 669 3428 in
681 3380 749 3430 civi·
801 3376 850 3428 tila
865 3384 908 3428 est
920 3394 1030 3442 nomen,
1048 3379 1083 3430 de
1100 3379 1167 3430 urbe
1186 3378 1244 3428 dici
1264 3385 1357 3431 testa·

205 3451 291 3496 tatem
315 3453 457 3512 receptum
481 3446 606 3497 nonnulli
629 3447 748 3507 tradunt,
802 3452 846 3495 tur
858 3446 1014 3511 Stephanus
1023 3446 1217 3511 Byzant.s.v.)
1230 3462 1357 3497 comme-

206 3513 321 3564 diximns
339 3516 367 3563 in
384 3520 453 3565 nott.
472 3515 507 3564 ad
524 3514 576 3576 IX,
595 3513 637 3565 33.
668 3513 748 3563 Aliud
801 3521 890 3563 morat
902 3516 1058 3565 Pausanias
1070 3515 1145 3575 Vlll,
1158 3514 1199 3563 45.
1213 3514 1286 3576 βλ,
1307 3516 1358 3565 ubi

204 3581 303 3630 Dionis
332 3582 360 3630 in
383 3582 581 3647 Spartanorum
607 3583 749 3632 civitatem
801 3582 874 3630 inter
886 3597 1006 3647 pnguas,
1025 3598 1094 3646 quae
1107 3583 1242 3647 Tegeatis
1262 3590 1294 3633 at
1305 3585 1357 3632 Ar·

205 3650 311 3714 recepti
321 3649 474 3714 exemplum
483 3665 516 3698 ex
525 3649 748 3712 Plutarcho(Vit.
801 3649 917 3699 cedibus
930 3665 1087 3700 communes
1100 3650 1218 3711 fuerunt,
1235 3650 1359 3700 affertur

204 3715 286 3765 Dion.
312 3716 354 3779 17)
379 3717 460 3766 affert
481 3715 511 3767 C.
530 3718 577 3767 Fr.
595 3718 748 3767 Hermann:
801 3708 833 3768 ἐν
846 3715 998 3768 Διπαιεῦσι
1018 3709 1033 3767 ὁ
1051 3710 1123 3782 πρὸς
1134 3715 1355 3783 Δακεδαιμονί-

204 3782 315 3834 Grieeh.
330 3783 536 3834 Staatsalterth.
548 3786 573 3845 ἕ.
585 3785 627 3836 25.
641 3791 695 3835 not.
708 3786 748 3844 15,
801 3799 850 3842 ους
860 3774 946 3849 α’γοὶν,
961 3790 990 3835 et
1019 3787 1170 3836 otissimnm
1178 3785 1229 3846 111,
1241 3784 1282 3835 ll.
1291 3788 1317 3868 ξ.
1326 3786 1355 3835 7:

204 3859 280 3900 recte
298 3867 411 3901 monens
423 3853 564 3901 rarissime
579 3853 631 3903 boc
645 3854 748 3902 iactum
801 3843 848 3902 lut
869 3847 980 3911 τούτοις
998 3803 1030 3903 ΙΙ
1050 3845 1081 3904 ἔτι
1098 3851 1276 3904 Διπαιεῦσιν
1301 3856 1356 3917 Αρ-

204 3918 306 3981 videri,
331 3924 361 3968 ut
380 3920 533 3984 peregrinis
557 3920 646 3984 iisque
671 3922 746 3970 adul·
798 3913 1294 3987 ιιιίδωιποὶντωνιτλὴτΜαιτιτέτον
1304 3914 1357 3971 α’σ-

204 3986 241 4034 tis
254 3986 320 4036 viris
333 3987 434 4036 ciuitas
447 3986 657 4048 concederetur3
677 3990 747 4052 quod
798 3982 986 4053 τιταγμένατι
1007 4004 1087 4054 quam
1104 4004 1226 4055 pugnarn
1247 3990 1285 4040 ad
1304 4005 1355 4039 an·

204 4052 276 4102 idem
285 4055 413 4104 enuntiat
421 4054 606 4107 Schoemann:
616 4056 658 4104 De
666 4055 746 4120 Spar·
798 4070 861 4105 num
873 4055 924 4106 469
937 4062 1002 4106 ante
1012 4057 1075 4106 Chr.
1086 4073 1114 4107 n.
1124 4056 1210 4107 refert
1219 4057 1355 4108 Curtium

204 4122 278 4171 tanis
291 4121 420 4171 Homoeis
432 4137 496 4187 pag.
511 4120 551 4171 16.
798 4122 866 4173 Pelo
886 4139 981 4174 onnes.
995 4125 1017 4173 1.
1031 4141 1057 4189 p.
1071 4123 1121 4175 315
1133 4139 1207 4188 seq.‚
1227 4125 1264 4174 ad
1284 4139 1354 4175 ann.

238 4179 286 4239 ἐπὶ
299 4182 341 4254 δὲ]
360 4190 422 4238 Vid.
434 4194 502 4240 nott.
515 4189 581 4250 VII,
594 4188 645 4240 219
662 4190 695 4240 de
708 4190 746 4241 lo·
797 4189 847 4239 467
860 4140 979 4241 gchoell.
993 4193 1022 4240 in
1035 4191 1170 4257 philolog.
1184 4192 1232 4241 lx.
1246 4207 1275 4257 p.
1294 4192 1355 4242 197.

204 4257 323 4308 cutione.
355 4257 431 4318 Quae
447 4259 474 4306 Ιι.
489 4256 506 4306 l.
525 4257 652 4307 dicuutur
670 4259 747 4322 quin·
798 4259 841 4308 De
853 4259 909 4309 situ
920 4258 998 4308 urbis
1015 4259 1085 4309 idem
1100 4259 1177 4310 addit
1187 4260 1355 4310 Pausanias

205 4339 256 4389 que
280 4325 448 4390 certamina,
474 4341 508 4374 ea
532 4325 627 4376 eodem
651 4325 746 4376 ordine
798 4326 816 4376 l.
830 4325 848 4375 l.
863 4319 893 4376 ol
905 4320 937 4376 dl
950 4328 1087 4385 Διπαιεῖς
1101 4317 1353 4391 ἒοτῇΜαιναΙιά
