2826 5132
222 388 284 449 416
634 384 948 447 ΟΟΜΜΕΝΓΑΤΙΟ

222 575 249 630 p.
267 557 319 609 700
345 556 388 608 ed.
405 557 518 626 ουσία),
544 558 613 626 sive,
636 555 710 626 quod
736 562 810 610 certe
830 556 921 610 minus
944 557 1076 625 offendit,
1091 558 1182 628 paucis
1195 558 1267 611 anuis
1278 565 1330 611 aute
1406 562 1407 595 3

221 640 322 693 cladem
348 641 518 696 Siciliensem
543 642 659 695 habitam
676 658 792 693 censeas
816 658 877 694 cum
891 641 1060 711 Lahmeyero
1080 643 1114 715 (l.
1138 644 1155 695 l.
1170 662 1196 713 p.
1214 644 1262 711 19),
1284 660 1331 695 cun

221 724 380 778 Herodotus
396 727 510 780 Thuriis
524 728 578 781 iter
592 728 713 780 Athenas
727 726 841 779 fecisset
854 726 926 797 (vid.
938 734 1009 780 nott.
1026 728 1060 781 ad
1070 729 1104 795 V,
1119 732 1173 801 77).
1199 728 1271 791 Quae
1282 744 1330 781 cun

220 810 259 861 ita
270 810 335 879 sint,
346 811 433 864 malim
446 813 542 883 utique
554 810 706 865 Eusebium
724 810 819 880 sequi,
837 828 916 881 quem
933 811 1048 865 eundem
1062 828 1170 883 quoque
1184 822 1286 866 emulus
1298 822 1332 864 eat

221 893 374 948 Schosllius
383 896 427 949 l.l.
440 914 503 967 pag.
511 899 648 951 alt-423
660 894 827 966 pluribusde
840 896 890 948 hac
901 896 1184 968 recitatioueeiusque
1194 904 1331 966 argumento

221 979 382 1050 disputans;
409 981 569 1052 praesertim
594 998 654 1035 curu
673 997 744 1051 quas
762 980 873 1049 Diyllus
888 990 997 1052 narrat,
1019 982 1127 1035 dubiam
1148 982 1223 1035 tidem
1237 982 1333 1034 habeant

221 1065 364 1136 omnisque
388 1067 455 1119 haec
476 1083 521 1120 res
543 1061 573 1121 ἐκ
598 1067 647 1136 τῆς
661 1063 883 1134 κατεψευσμένης
910 1061 1030 1136 ἱστορίας
1054 1074 1164 1137 arrepta
1187 1082 1333 1137 prorsusque

221 1151 285 1202 ficta
296 1148 432 1219 videatur,
450 1150 556 1204 Cobeto
571 1152 662 1205 iudice
676 1150 704 1203 in
720 1149 894 1218 Mnemosyn.
910 1151 975 1207 VII.
988 1171 1016 1223 p.
1033 1155 1095 1208 268.

304 1267 357 1319 His
381 1268 589 1322 recitationibus
612 1266 694 1321 tertia
718 1267 787 1320 adeo
813 1267 938 1336 accedet,
962 1269 986 1320 si
1003 1268 1165 1339 respicimus
1178 1286 1223 1337 ea,
1237 1284 1298 1338 quae
1311 1265 1332 1316 iu

221 1351 345 1404 oratione
357 1351 541 1421 Corinthiaco,
557 1370 628 1424 quae
642 1352 725 1404 Dioni
739 1351 937 1420 Chrysostomo
953 1352 1036 1421 vulgo
1052 1353 1186 1407 tribuitur
1199 1353 1263 1407 etin
1278 1352 1335 1404 eius

221 1436 280 1489 dem
304 1437 443 1490 orationes
467 1447 577 1508 recepta
603 1445 646 1491 est
671 1440 731 1509 (urs
744 1435 895 1505 XXXVII),
916 1437 1048 1506 leguntur
1063 1442 1090 1504 s.
1105 1445 1132 1492 7.
1150 1456 1212 1509 pag.
1231 1440 1277 1491 lat
1289 1436 1335 1487 sive

221 1539 251 1602 P'.
266 1520 440 1576 weltona:
468 1512 521 1592 ἧκε
545 1519 575 1577 dl
600 1520 649 1576 aul
661 1515 811 1590 Ἡρόδοτος
833 1514 848 1574 ὁ
866 1516 1013 1591 λογοποιὸς
1033 1524 1108 1594 (scil.
1125 1522 1291 1589 Corinthum)
1309 1513 1337 1581 tn

218 1600 291 1675 ὑμᾶς
306 1600 405 1674 λόγους
421 1604 512 1677 φίριον
521 1601 698 1677 Ἑλληνικοὺς
713 1599 813 1667 ἄλλους
826 1624 855 1659 τε
870 1605 918 1659 καὶ
931 1609 1102 1676 Κορινθίους
1116 1601 1223 1663 οὐδέκω
1234 1607 1340 1675 pauido}

219 1684 290 1745 ἄνθ’
314 1680 355 1745 ὦν
381 1685 461 1761 ἠξίου
475 1686 552 1761 παρὰ
577 1694 626 1762 τῆς
642 1686 748 1753 πόλεως
771 1685 877 1759 μισθὸν
901 1684 1060 1759 ἄρνυσθαι·
1080 1687 1277 1763 διαμαρτώνδέ
1299 1686 1338 1743 aad

221 1772 322 1830 τούτου
345 1770 391 1845 (osi
413 1771 465 1846 γὰρ
480 1773 578 1847 ἠξίουν
599 1774 629 1831 oi
639 1770 763 1846 ὑμέτεροι
777 1770 911 1844 πρόγονοι
926 1773 1013 1844 δόξαν
1026 1770 1186 1847 ἀγοράζειν)
1199 1770 1338 1848 mamedu-

219 1879 267 1916 οεν
280 1856 382 1932 ἐκεῖνα,
400 1854 535 1924 ἅπαντας
553 1857 734 1931 ἐπιστάμεθα,
749 1854 785 1915 τὰ
799 1858 863 1927 περὶ
879 1856 931 1931 τὴν
946 1865 1093 1931 Σαλαμῖνα
1106 1862 1157 1917 καί
1171 1858 1339 1930 ababtibus·
1406 1870 1407 1903 l

217 1965 282 2000 τοντ
304 1963 375 2015 quae
393 1948 491 2014 verba,
513 1947 587 2018 quod
610 1947 644 1999 ed
667 1945 827 1999 Corinthios
854 1947 952 1999 attinet
972 1948 1145 2019 animumque
1167 1944 1338 2018 scriptorisiu
1406 1984 1407 2025 p

220 2030 380 2083 Corinthios
396 2050 449 2085 non
466 2032 633 2100 malevolum,
650 2032 702 2083 iam
718 2030 895 2083 tractavimus
910 2031 938 2083 in
956 2040 1025 2084 nott.
1041 2033 1074 2084 ad
1087 2033 1166 2100 vm,
1181 2037 1224 2087 94.
1253 2029 1339 2083 Etenim
1406 2096 1407 2103 ρ

219 2116 322 2187 siquid
342 2117 399 2168 veri
413 2118 525 2181 subest,
546 2118 612 2168 haec
630 2116 714 2170 verbu
731 2115 757 2167 id
779 2122 853 2168 certe
874 2116 988 2184 docent,
1003 2116 1175 2171 Herodotum
1191 2116 1280 2171 eodem
1296 2116 1339 2167 lere
1406 2149 1407 2185 ρ

218 2202 306 2268 modo,
320 2218 376 2270 quo
394 2200 537 2271 Olympiae
553 2208 636 2271 atque
653 2196 777 2267 Athenis,
794 2203 913 2255 Corinthi
926 2217 1037 2271 quoque
1059 2202 1235 2255 historiarum
1248 2210 1340 2272 partem,
1406 2194 1407 2205 ²

220 2284 425 2338 Corinthiorum
440 2287 467 2338 in
482 2286 613 2354 gretiam,
641 2284 742 2356 quibus
772 2302 841 2355 opus
867 2301 946 2338 suum
961 2286 1137 2339 innotescere
1161 2286 1260 2351 voluit,
1279 2302 1339 2356 prae·
1406 2274 1407 2319 Ϊ

221 2369 341 2439 legisse3
370 2371 519 2443 eodemque
548 2378 674 2441 spectare
701 2370 830 2424 videntur
852 2371 938 2422 verba
964 2370 1081 2423 Luciani
1104 2388 1193 2444 supra
1215 2360 1337 2423 allaturi

218 2451 268 2524 plu
288 2443 340 2510 οὖν
361 2456 578 2523 περινοστοῦντα
590 2457 643 2510 νῦν
660 2450 710 2524 μὲν
723 2449 925 2524 Ἀθηναίοις
944 2456 998 2509 νῦν
1014 2452 1044 2509 δὲ
1064 2458 1277 2523 Κορινθίοις
1290 2446 1338 2508 lvo

219 2537 384 2609 γιγνώσκειν
411 2531 429 2611 ἢ
452 2534 582 2611 Ἀργείοις
606 2531 624 2611 ἦ
653 2540 885 2609 Λακεδαιμονίοις
917 2535 947 2595 ἐν
979 2542 1017 2613 τῷ
1046 2538 1136 2611 με’ρει,
1167 2536 1281 2611 ἐργῶδες
1305 2533 1340 2592 sul

218 2621 325 2695 μακρὸν
346 2619 440 2696 ἡγεῖτο
466 2623 553 2680 alvea:
573 2643 733 2697 quamquam
761 2643 812 2678 nec
840 2625 873 2677 de
902 2633 1040 2696 tempore,
1063 2643 1118 2696 quo
1147 2627 1215 2679 haec
1238 2621 1340 2678 recitatio
1406 2654 1407 2657 =

219 2711 290 2763 lacta
302 2718 353 2778 est,
371 2729 461 2781 neque
471 2711 505 2764 de
517 2717 676 2779 argumento
692 2710 753 2763 eius
767 2711 915 2780 quidquam
928 2711 997 2763 certi
1008 2716 1127 2763 constat.
1144 2711 1191 2764 Tu
1207 2710 1341 2774 cantilau-

219 2796 289 2848 sium
305 2795 323 2849 l.
339 2795 356 2850 l.
375 2814 438 2864 pag.
454 2800 488 2851 58
511 2814 570 2867 seq.
586 2804 614 2848 et
628 2812 699 2865 quae
712 2795 792 2864 plura
804 2802 994 2865 exposuerunt
1008 2796 1163 2864 Lahmeyer
1177 2796 1196 2848 l.
1215 2796 1233 2849 l.
1248 2811 1303 2865 pag.
1318 2792 1340 2843 lt
1406 2846 1407 2859 ἦ

219 2898 278 2951 seq.
300 2887 328 2933 et
342 2881 494 2934 Schoellius
510 2881 527 2932 l.
543 2881 561 2932 l.
578 2899 606 2950 p.
626 2885 678 2938 424
694 2898 753 2951 seq.
782 2880 873 2949 Atque
893 2880 955 2933 aliis
978 2897 1089 2952 quoque
1110 2880 1181 2934 locis
1202 2900 1251 2952 per
1270 2880 1341 2932 Grae·
1406 2868 1407 2891 ²

219 2965 285 3018 ciam
317 2965 448 3019 recitasse
477 2965 647 3018 Herodotum
680 2965 752 3018 baud
775 2964 908 3018 absonum
935 2967 989 3018 erit
1015 2972 1139 3018 statuere
1165 2961 1216 3039 (cl.
1245 2959 1339 3017 Schorll·

219 3051 237 3103 l.
253 3050 285 3119 Ι.)
312 3050 456 3120 ipsumque
471 3049 587 3103 Lociani
611 3049 700 3103 locum
720 3049 738 3102 l.
764 3049 828 3119 quis
849 3051 951 3102 afferre
976 3050 1066 3120 possit
1087 3056 1338 3107 commonstreturut,
1406 3098 1407 3127 ᾖ

220 3152 309 3188 coram
334 3134 447 3203 Argivis
471 3142 499 3187 et
512 3134 735 3189 Lacedaemoniis
755 3134 888 3187 recitasse
904 3134 1051 3188 Nostrum:
1072 3135 1107 3188 de
1121 3153 1179 3205 qua
1194 3155 1225 3189 re
1238 3130 1336 3206 equidm
1406 3136 1407 3177 3

220 3221 288 3273 certi
306 3219 373 3273 nihil
386 3219 577 3274 affirmaverim
591 3228 704 3274 secutus
720 3219 917 3286 Lahmeyerum
933 3239 960 3290 p.
979 3224 1023 3273 21.
1045 3219 1121 3282 Quin
1142 3222 1238 3275 Thebis
1251 3229 1336 3291 quoqtt

219 3305 352 3358 Nostrum
380 3305 514 3359 recitasse
548 3304 699 3375 suspiceris
723 3321 738 3355 e
767 3302 908 3357 Plutarchi
933 3304 993 3358 loco
1020 3304 1061 3357 De
1088 3304 1198 3358 Herod.
1229 3299 1339 3369 maligsit·
1406 3328 1407 3331 =

220 3407 279 3461 cap·
294 3394 337 3458 31,
354 3390 409 3444 uisi
433 3392 499 3443 haec
518 3396 577 3443 tots
599 3389 720 3443 narratio
736 3406 753 3441 a
773 3389 937 3459 posterioris
958 3388 1057 3443 aetatis
1079 3390 1255 3458 grammatico
1274 3384 1337 3440 malr
1406 3416 1407 3419 =

219 3474 281 3528 uolo
296 3477 360 3529 licta
375 3481 432 3545 est,
455 3492 535 3546 quam
552 3490 753 3547 usquequaque
772 3491 863 3527 veram
885 3493 947 3528 esse
962 3475 1009 3527 vix
1031 3474 1094 3528 mihi
1109 3475 1278 3544 persuadere
1292 3485 1341 3542 pot·
1406 3476 1407 3539 ζ

220 3577 288 3614 sum.
322 3560 404 3615 Cous.
419 3561 514 3631 Heyse
529 3579 557 3631 p.
573 3563 607 3614 60
622 3578 680 3631 seq.

757 3784 782 3845 S.
800 3783 826 3836 5.

303 3948 333 4005 Si
356 3951 442 4021 igitur
460 3951 539 4005 brevi
558 3958 622 4005 ante
640 3968 741 4005 annum
755 3956 806 4005 444
823 3968 847 4003 a.
865 3949 930 4004 cur.
947 3970 974 4004 n.
995 3967 1020 4003 a.
1044 3949 1152 4022 Olymp.
1174 3944 1313 4011 LXXXIV,
1330 3943 1340 3992 l
1406 3924 1407 3991 l

221 4036 364 4107 Olympiae
388 4046 416 4090 et
432 4055 503 4090 anno
518 4039 570 4090 446
588 4056 611 4090 a.
628 4036 817 4110 44b(01ymp.
833 4036 984 4103 LXXXlIl,
1004 4038 1020 4090 3
1036 4054 1060 4089 s.
1076 4038 1107 4102 4)
1127 4035 1244 4089 Athenis
1258 4030 1342 4087 necill-

220 4124 262 4176 vit
276 4124 444 4190 Herodotus,
472 4122 546 4175 illum
571 4123 622 4175 hoc
648 4130 770 4193 tempore
793 4121 821 4174 in
840 4122 958 4175 Graecia
983 4121 1045 4190 ipsa
1059 4127 1246 4175 commoratum
1267 4115 1342 4170 faisse

221 4216 338 4279 oportet,
354 4224 495 4261 reversum
511 4226 543 4260 ex
554 4208 702 4261 itineribus
716 4207 887 4277 longinquis.
921 4207 1020 4278 Neque
1036 4224 1102 4260 vero
1120 4223 1173 4259 uuo
1189 4205 1342 4257 Atheuam

221 4294 279 4347 loco
305 4294 379 4347 illum
400 4300 589 4345 commoratum
610 4311 673 4345 esse
693 4291 824 4345 credibile
846 4292 893 4358 fit,
919 4291 969 4344 sed
989 4290 1111 4360 reliquas
1127 4290 1206 4344 etiam
1222 4283 1342 4341 Graeciae

221 4388 315 4449 partes
329 4395 493 4449 peragrasse
513 4377 622 4430 videtur
640 4377 770 4430 historiae
790 4375 976 4447 perficiundae
995 4393 1079 4429 causa
1098 4372 1235 4446 usquead
1253 4381 1341 4423 annun
