2900 5122
428 386 693 448 CALLIOPE.
717 389 775 447 IX.
798 396 840 450 28.
1140 388 1202 455 265

89 567 222 651 ρννθίων
253 557 470 650 τετρακόσιοι,
506 556 634 630 τούτων
665 560 702 630 δέ
734 557 882 650 ἐχόμενοι
910 556 1062 631 Φλιάσιοι
1094 569 1201 651 χίλιοι.

89 659 163 749 παρὰ
178 664 213 732 di
228 661 366 743 τούτους
384 665 526 732 ἕστασαν
535 656 722 751 ’Ἑρμιονέες
739 659 928 752 τριηκόσιοι.
948 656 1146 752 Ἑρμιονέων
1165 662 1203 734 di

90 763 217 853 ἐχόμενοι
232 770 366 835 ἵσταντο
381 760 571 853 Ἐρετριέων
588 791 623 832 τε
641 766 696 833 καλ
711 766 871 853 Στυρέων
883 761 1056 854 ἑξακόσιοι,
1074 762 1203 836 τούτων

52 867 308 947 vellicatorem
325 863 544 953 τετρακόσιοι,
562 863 690 936 τούτων
710 866 745 935 δὲ
759 861 1028 955 Ἀμπρακιητέων
1046 867 1204 956 πεντηκό-

88 988 148 1038 σιοι.
178 965 256 1057 μετὰ
279 968 317 1037 dt
338 965 476 1048 τούτους
493 972 693 1038 Λευκαδίων
710 968 766 1036 καλ
780 963 1001 1057 Ἀνακτορίων
1017 962 1204 1039 ὀκτακόσιοι

88 1070 224 1159 ἕστασαν,
246 1066 375 1140 τούτων
400 1069 437 1139 δὲ
460 1065 608 1158 ἐχόμενοι
626 1071 755 1151 Παλέες
771 1072 808 1139 oi
823 1072 858 1139 ἐκ
875 1077 1110 1159 Κεφαλληνίης
1134 1076 1203 1159 διη-

89 1250 114 1283 er
129 1250 168 1297 eo,
192 1235 260 1299 qnod
282 1235 318 1285 ad
335 1234 533 1300 Thermopylas
553 1249 608 1284 non
659 1238 742 1296 nott,
760 1250 823 1284 nam
835 1240 950 1299 utraque
964 1235 1064 1286 civitas
1077 1236 1113 1286 ad
1125 1236 1204 1285 Sala·

87 1302 130 1352 nisi
137 1304 279 1369 octoginta,
294 1303 329 1353 ad
339 1302 472 1353 Plataeas
482 1303 537 1352 uni
546 1317 607 1352 oum
658 1302 771 1352 miniam
781 1318 900 1368 pugnam
911 1303 1038 1369 praebuit
1047 1319 1141 1354 naves.
1159 1306 1202 1355 De

87 1370 196 1434 Tirynthe
208 1371 424 1437 quadringentos
437 1370 511 1420 misit
522 1369 607 1420 homi·
658 1370 824 1435 Styrensibua
836 1371 889 1421 vid.
902 1375 972 1420 nott.
987 1371 1022 1420 ad
1031 1371 1106 1431 VIII,
1122 1370 1144 1421 1,
1155 1370 1201 1434 40;

87 1452 137 1496 nes,
153 1439 244 1488 merito
261 1437 378 1504 colligas
395 1438 608 1500 Mycenacorum
659 1439 692 1488 de
712 1438 916 1489 Chalcidensibus
928 1438 1006 1499 VIII,
1028 1438 1074 1487 127
1093 1439 1156 1488 eoll.
1170 1440 1200 1502 V,

87 1505 219 1567 civitatem,
249 1522 320 1570 qnae
350 1506 463 1570 antiquo
486 1510 607 1571 tempore
658 1507 700 1555 74.
719 1505 760 1555 70.
778 1504 811 1555 00
830 1506 936 1569 etVlI,
957 1504 1004 1554 185
1021 1507 1115 1570 ibique
1132 1512 1200 1557 nott.

86 1572 118 1620 ita
137 1574 254 1635 eminuit,
280 1576 336 1623 iam
354 1573 490 1622 Herodoti
514 1578 607 1623 aetate
659 1575 778 1624 Pausan.
788 1574 820 1634 V,
830 1572 873 1624 23.
886 1575 909 1634 ξ.
923 1572 945 1634 l,
959 1573 1005 1637 qui
1017 1573 1202 1624 λιιὼολεΚαλ-

86 1638 357 1692 nultnmdeerevisse.
381 1640 606 1691 Coni.Maanert.
659 1639 751 1698 κιδεῑς
768 1635 798 1690 οἱ
815 1632 861 1691 ἐπὶ
883 1639 922 1705 τῷ
937 1632 1064 1705 Edesco.
1099 1641 1202 1692 Vocem

86 1705 144 1756 VIII.
155 1706 237 1773 1).be
248 1713 277 1759 et
289 1708 345 1759 nid.
358 1708 529 1773 potissimam
542 1708 608 1758 Cur·
660 1700 802 1774 ἐχόμενοι,
823 1724 893 1772 quae
911 1708 939 1757 iu
952 1708 1085 1759 Herodoti
1098 1713 1201 1758 textum

85 1774 140 1823 tius:
150 1774 329 1841 Peloponnes.
342 1777 378 1826 11.
392 1792 457 1841 pag.
469 1774 520 1825 400
532 1791 607 1841 seqq.
660 1776 802 1827 oxAldina
811 1775 882 1826 male
895 1776 1047 1840 irrepserat
1056 1781 1119 1826 ante
1129 1777 1204 1827 Χαλ-

85 1840 148 1903 Ques
156 1843 240 1897 adbuc
250 1847 401 1894 cernuntur
409 1843 485 1892 urbis
494 1843 608 1894 heroica
658 1837 766 1902 κιδέες,
789 1843 887 1893 sustuli
904 1844 1043 1908 equidem,
1066 1844 1144 1894 libris
1161 1846 1202 1894 sic

85 1910 229 1961 Graecorum
240 1915 335 1962 aetate
347 1909 544 1962 celeberrimae
554 1912 608 1961 rai-
659 1911 826 1961 iubentibus.
866 1911 991 1960 Retinuit
1019 1915 1113 1961 tamen
1141 1918 1203 1978 post

84 1992 136 2037 nse,
152 1993 229 2045 supra
245 1981 338 2029 ricem
349 1977 484 2028 Charbdti
501 1983 609 2045 septen·
660 1979 839 2030 Schneierum
853 1978 996 2029 Matthias.
1030 1978 1118 2029 Paulo
1137 1985 1202 2029 ante

83 2045 180 2096 trionem
199 2062 295 2098 versus
317 2046 419 2111 siquis
436 2046 512 2097 mille
531 2047 607 2112 quin·
659 2048 687 2096 in
710 2047 803 2097 verbis
823 2036 988 2110 Ἐρετριέων
1008 2060 1043 2096 τε
1065 2044 1114 2096 καλ
1131 2047 1200 2097 Στο-

84 2117 164 2174 gentos
190 2130 285 2179 passus
316 2113 505 2175 adscenderit,
536 2115 607 2164 sitae
659 2109 731 2177 ρέων
742 2113 869 2165 voculam
882 2128 924 2175 τε,
944 2129 1015 2179 quae
1033 2130 1049 2163 a
1063 2114 1202 2166 Sancroiti

84 2184 141 2229 sant
151 2182 190 2233 De
200 2182 322 2247 liryntlre
331 2181 463 2232 vidnott.
472 2181 557 2243 adIV,
565 2180 606 2230 70.
658 2182 729 2233 libro
743 2182 831 2243 abest,
844 2181 931 2232 deleri
940 2181 1001 2232 vult
1009 2180 1104 2232 Ossan
1114 2180 1203 2245 (Com-

110 2241 238 2316 Φλιάσιοι]
258 2249 348 2300 Iidem
362 2249 397 2298 ad
409 2249 607 2315 Thermopylas
658 2254 753 2300 mentt.
768 2249 869 2301 Semin.
882 2248 978 2315 philol.
992 2249 1063 2299 Giss.
1076 2251 1155 2315 Spoo.
1165 2250 1200 2301 11.

84 2329 171 2380 quoqne
187 2318 308 2383 proiecti
325 2321 419 2378 erant,
437 2320 507 2366 teste
520 2318 608 2367 Hero·
657 2334 722 2384 pag.
736 2318 777 2380 5),
796 2318 866 2382 qnod
884 2317 936 2368 hoc
953 2317 1015 2367 loeo
1028 2317 1202 2368 Eretrienses

83 2380 270 2445 reordinat.
289 2386 334 2434 De
344 2385 406 2450 ipsa
415 2384 607 2435 urbePlliuntc
659 2389 687 2435 et
704 2386 847 2448 Styrenses
868 2384 972 2435 diversi
993 2388 1087 2450 utpote
1109 2385 1203 2450 populi

84 2463 184 2516 agroque
199 2453 329 2514 Phliosto,
352 2453 381 2502 in
400 2451 537 2503 montibus
555 2453 607 2503 sito
659 2453 733 2502 inter
744 2467 774 2502 ss
787 2452 986 2502 discernantur.

84 2522 106 2565 et
118 2518 236 2582 Sicyonia
252 2521 374 2577 ditione,
396 2519 508 2571 Cleonis
526 2526 608 2585 atque
691 2512 925 2585 Ἀμπρακιητέων]
940 2518 1161 2570 DeAmbroclolis
1175 2525 1203 2570 et

82 2584 191 2649 Argolide
208 2588 317 2639 incluso
333 2593 458 2638 veterum
473 2595 501 2639 et
512 2604 607 2638 recen·
659 2589 797 2638 Leucadiis
812 2585 1005 2648 vid.vl11,45
1021 2586 1114 2650 ibique
1133 2592 1201 2637 nott.

82 2651 162 2703 tiorum
184 2656 347 2721 scriptorum
372 2656 529 2705 testimonia
551 2657 607 2706 vid.
658 2656 700 2705 47.
731 2655 909 2713 Anactorium,
927 2653 999 2703 unde
1016 2655 1167 2715 Anactorii,
1186 2672 1202 2704 n

83 2721 141 2782 apud
151 2722 306 2788 Verbigenr
319 2723 428 2773 Handb.
441 2723 467 2772 d.
477 2723 525 2772 alt.
537 2723 607 2774 (ieo-
660 2722 809 2773 Corinthiis
822 2722 887 2772 olim
905 2721 1042 2771 conditum
1062 2727 1090 2771 et
1106 2727 1203 2787 postea

83 2788 162 2852 graph.
178 2791 227 2840 ΙΙΙ.
245 2807 272 2856 p.
292 2789 436 2841 noe-970.
472 2793 513 2841 Ac
530 2791 608 2856 plura
659 2790 808 2841 Corinthiis
833 2793 915 2854 atqne
940 2788 1103 2853 Corcyraeis
1131 2805 1202 2839 eom-

83 2856 609 2923 qnoqnedIsaerItMannert.VlII.p.380
659 2873 753 2919 mune,
778 2858 847 2907 mari
872 2856 1021 2908 ediscebat
1045 2857 1079 2906 ad
1104 2858 1202 2907 ostium

83 2934 141 2985 seq,
156 2927 199 2989 qni
216 2926 290 2976 idem
308 2941 372 2990 pag.
385 2923 434 2975 382
450 2926 520 2990 quod
532 2926 607 2976 mille
658 2927 735 2976 sinus
756 2925 914 2975 Ambracici
939 2929 1099 2989 portamque
1121 2940 1202 2990 prse-

83 2991 159 3051 grsris
174 2998 330 3044 armaturae
343 2992 444 3043 milites
456 2993 527 3043 haec
539 2994 606 3044 ciri·
657 2993 756 3043 behet:
780 3008 852 3043 nnnc
869 2992 930 3042 loco
951 3008 1050 3042 nornen
1067 2994 1132 3042 Aion
1153 2994 1200 3043 Pe·

82 3060 115 3105 tas
132 3064 219 3111 contra
235 3060 410 3111 Mardonium
430 3061 520 3124 misit,
544 3061 606 3111 Inde
657 3067 713 3111 tros
730 3059 796 3123 (vid.
814 3060 962 3125 Forbiger:
984 3059 1093 3113 Handb.
1114 3061 1140 3110 d.
1154 3061 1201 3110 alt.

83 3125 188 3189 coniicit,
217 3144 327 3180 omnem
352 3129 495 3178 civitatem
519 3130 607 3178 conti·
659 3125 981 3194 Geogrnpb.IIl.p.895),
994 3143 1047 3178 nec
1057 3128 1202 3178 admodum

83 3193 156 3243 utiam
176 3196 333 3260 quindecim
352 3196 410 3245 fere
424 3195 501 3244 milia
519 3195 607 3247 homi·
657 3201 790 3246 remotum
803 3195 865 3245 inde
878 3209 950 3244 nune
962 3196 1047 3245 sitnm
1060 3211 1120 3245 esse
1133 3196 1203 3245 dici-

83 3272 131 3308 nnn
141 3261 294 3315 liberorum.
326 3262 606 3314 Desitnurbisnnnc
658 3269 702 3313 tur
713 3263 841 3329 oppidum
852 3264 970 3313 Vcnlzzn.
990 3266 1061 3312 Ante
1071 3262 1140 3313 belli
1151 3264 1201 3311 Pe·

82 3330 236 3381 accuratiora
253 3331 366 3382 edocuit
377 3330 488 3381 Curtius
504 3330 522 3379 l.
537 3330 555 3380 l.
568 3332 606 3382 II.
657 3330 849 3395 loponnosiaci
865 3335 989 3395 tempore
1006 3330 1033 3379 iu
1047 3329 1202 3379 Corinthio-

82 3406 133 3459 pag.
146 3397 191 3447 471
209 3414 287 3464 seqq,
320 3398 380 3448 sita
398 3398 451 3448 suit
468 3397 533 3447 urbs
550 3415 607 3449 me·
658 3414 716 3448 rnrn
737 3397 849 3447 devenit
865 3400 1044 3462 potestatem
1068 3395 1117 3446 aed
1141 3413 1201 3445 mox

82 3459 159 3513 n'diem
179 3481 275 3517 versus
301 3482 318 3516 a
338 3465 456 3529 Sicyone
480 3467 510 3515 in
533 3466 606 3516 velle
658 3466 694 3516 ab
706 3464 922 3514 Atheniensibus
939 3467 1022 3529 nepta
1039 3463 1074 3512 ab
1092 3479 1125 3512 so
1137 3464 1201 3513 inde

81 3527 156 3595 Asopi,
168 3535 245 3585 cuins
257 3534 313 3583 dno
325 3533 407 3583 rinuli
416 3548 500 3598 snpra
512 3534 606 3584 urbem
657 3537 780 3597 temporo
802 3531 891 3595 magis
908 3531 1049 3596 magisque
1067 3531 1200 3593 decrevit,

81 3601 182 3650 retorem
198 3602 355 3662 confluunt,
374 3601 409 3650 ad
424 3602 606 3651 Tricarauum
657 3600 745 3651 donee
762 3598 907 3664 Nicopolin
930 3599 1037 3649 incolas
1058 3599 1203 3649 transtulit

81 3672 194 3717 montem:
212 3685 287 3720 nunc
300 3674 415 3719 vocatur
430 3668 508 3718 locus
519 3669 606 3719 Pana·
656 3668 803 3733 Augustus.
832 3667 928 3731 Neque
946 3667 1018 3716 enim
1035 3665 1118 3731 longe
1136 3666 1201 3716 hinc

80 3732 289 3798 menomenae,
303 3736 397 3800 ibique
411 3736 500 3785 adhuc
513 3751 605 3802 super-
658 3735 744 3786 distat
755 3736 867 3797 Actium,
886 3733 956 3799 quod
974 3732 1009 3783 ad
1025 3734 1111 3798 ipsius
1129 3735 1201 3784 Ana·

81 3804 132 3848 tent
144 3807 243 3854 veteris
261 3803 339 3855 urbis
356 3803 452 3853 ruinae
472 3805 606 3868 quaedam
658 3802 738 3853 ctorii
747 3802 878 3852 ditionem
888 3801 952 3852 olim
962 3801 1101 3867 pertinuit.
1121 3801 1201 3852 Coni.

81 3863 199 3945 tifernae
211 3887 261 3952 per
273 3872 363 3922 locum
376 3870 488 3921 editum.
657 3870 793 3920 Mannert.
806 3869 880 3919 VIII.
894 3886 919 3934 p.
934 3868 967 3919 07
980 3885 1046 3934 seq,
1059 3870 1153 3935 Poppo
1166 3869 1201 3919 ed

108 3931 260 4003 Ερμιοντες]
279 3937 344 3987 Vid.
355 3938 437 3998 VIII,
450 3936 491 3988 43.
505 3936 538 3988 73
555 3939 606 3990 ibi·
657 3937 808 4001 Thucydid.
821 3938 842 3997 L
856 3938 881 3987 2.
895 3954 920 4002 p.
935 3935 993 3988 150.

82 4012 123 4061 qne
136 4010 197 4056 nott
232 4006 412 4064 Eretrienses,
435 4021 502 4070 quos
522 4006 608 4072 igitur
696 3998 807 4062 Παλέες
825 3998 855 4054 oi
872 3997 902 4054 έιι
920 4001 1133 4069 Κεφαλληνίης]
1157 4006 1200 4055 De

83 4080 108 4114 τι
123 4078 194 4133 parte
214 4073 243 4122 in
261 4073 383 4124 Graecis
401 4078 526 4124 servatos
546 4089 606 4124 esse
657 4071 747 4123 Insula
767 4072 928 4136 Cephallenia
950 4071 1090 4133 (scribitur
1108 4076 1200 4122 antem

81 4140 607 4205 patet,cnmaDariohaecgensSnsa
659 4145 686 4189 et
714 4138 918 4205 Κεφαλληνία
946 4145 976 4190 ct
997 4138 1198 4204 Κεφαληνία),

82 4204 259 4258 transterretur
276 4213 348 4259 teste
365 4208 467 4259 Herod.
481 4209 533 4271 VI,
549 4208 605 4270 119,
659 4223 729 4272 quae
747 4208 811 4258 olim
829 4207 910 4258 Same
927 4222 949 4258 s.
965 4206 1061 4257 Samos
1078 4206 1199 4256 vocaba-

82 4281 154 4334 teqne
170 4279 251 4339 atque
269 4277 469 4327 Hermionenses
489 4292 605 4326 comme·
659 4280 702 4325 tur
723 4280 805 4340 atque
828 4276 976 4325 etiamnum
993 4279 1086 4326 vetere
1105 4273 1198 4339 appel·
1273 4270 1275 4274 ’

81 4346 202 4392 numm
222 4344 303 4407 VIII,
321 4342 356 4394 40
378 4342 440 4394 coll.
459 4342 492 4394 73
513 4344 606 4409 ibique
657 4342 762 4393 latione
784 4347 895 4393 retenta
918 4346 1034 4393 vocator
1050 4341 1199 4403 desolante,
