2866 5134
313 429 370 487 Du
394 428 498 488 VITA
521 428 577 486 liT
601 426 792 486 SCRIP'PIS
814 426 1050 486 HERODOTI.
1185 432 1242 491 441

125 588 184 662 vrosio
200 592 252 654 tini
268 600 427 669 Περδίκκεω
448 593 610 670 γεγονότας,
634 593 757 668 κατάπερ
776 592 857 653 αὐτοὶ
877 596 999 670 λέγουσι,
1020 592 1105 662 αὐτός
1124 619 1154 654 τε
1175 590 1247 654 osiaco

126 679 240 753 τυγχάνω
250 678 429 753 ἐπιστάμενος
444 683 492 738 καὶ
506 680 542 756 δὴ
559 683 607 739 καὶ
624 678 654 739 ἒν
668 691 740 739 τοῖσι
759 676 862 740 ὄπισθε
882 678 987 753 λόγοισι
1007 678 1133 751 ἀποδέξω
1145 677 1183 747 uir
1197 683 1249 739 aiot

118 762 242 839 Ἓλληνες.
280 771 349 823 Add.
368 768 540 837 v111‚30.*)
574 770 654 822 Talia
669 770 716 840 qui
738 771 848 837 scribit,
870 787 929 823 enm
944 770 1019 838 vulgi
1043 771 1247 840 superstitioni-

125 856 172 907 bns
184 856 350 926 superiorem
363 855 452 908 tuisse
468 855 528 909 inre
543 855 663 921 dixeris3
685 855 847 924 praesertim
861 872 921 908 cum
935 855 1055 907 studium
1074 874 1118 907 res
1134 856 1248 908 miracu-

124 941 190 992 losas
206 959 221 993 e
238 941 355 993 naturali
372 957 461 993 rerum
476 957 559 993 cursu
576 940 729 1009 explicandi
744 939 891 1007 insigniter
904 940 1003 1009 prodat
1017 940 1070 1008 IV,
1086 944 1128 999 32,
1143 941 1190 1006 Vl,
1203 943 1247 994 81.

125 1026 156 1090 ll,
171 1029 199 1077 tl
215 1025 276 1081 coll.
295 1025 429 1089 111133.
447 1025 508 1091 Vll,
522 1028 565 1084 20,
605 1025 644 1077 Ac
658 1043 750 1095 parem
766 1025 933 1092 diligentiam
949 1024 1070 1094 produnt
1086 1026 1246 1095 disputatio-

124 1128 167 1162 nes
184 1111 216 1163 de
237 1111 295 1163 Nili
318 1110 483 1162 incremento
501 1111 617 1182 eiusque
638 1111 730 1162 causis
745 1110 788 1175 ΙΙ,
803 1114 833 1163 21
851 1128 927 1180 seq,
950 1111 984 1162 dc
1001 1117 1089 1162 aetate
1109 1128 1248 1163 sacrorum

122 1195 241 1248 Herculis
259 1196 296 1260 ΙΙ,
313 1199 365 1261 443
385 1195 418 1247 de
433 1195 573 1248 literarum
587 1201 615 1247 et
629 1195 783 1264 scripturae
798 1195 957 1248 inventione
974 1195 1011 1264 V,
1026 1197 1075 1263 583
1098 1196 1131 1248 de
1143 1195 1250 1247 Helena

123 1280 253 1350 rebusque
269 1280 400 1332 Troianis
417 1279 460 1348 ΙΙ,
481 1283 527 1334 113
546 1298 624 1350 seqq.
648 1284 698 1333 120
712 1298 791 1349 seqq,
813 1280 864 1350 (cf.
882 1289 949 1335 nott.
969 1278 1027 1333 Vol.
1043 1280 1065 1335 Ι,
1082 1300 1109 1350 p.
1124 1285 1175 1334 674
1189 1300 1248 1349 seq.

121 1364 195 1431 ost);
218 1365 252 1418 de
268 1364 380 1434 Cypriis
398 1365 563 1418 carminibus
579 1364 615 1431 ΙΙ,
634 1369 698 1432 1173
721 1365 755 1417 de
771 1364 846 1431 Cyro
863 1365 890 1432 l,
906 1369 956 1430 953
977 1365 1010 1416 de
1027 1364 1196 1435 Melampode
1211 1365 1247 1430 ΙΙ,

121 1452 165 1515 49;
186 1450 218 1502 de
234 1449 355 1519 Aegypti
371 1456 469 1502 natura
482 1450 522 1517 ΙΙ,
538 1452 564 1503 5.
587 1448 629 1516 ΙΙ,
642 1454 690 1504 12:
712 1443 747 1504 τὰ
761 1447 825 1527 saepi
839 1449 979 1517 Αἴγυπτον
997 1438 1036 1503 ὧν
1057 1447 1106 1502 col
1123 1456 1195 1504 τοῖσι
1209 1447 1250 1504 λε’-

121 1551 191 1601 γουσι
213 1527 286 1589 αὐτὰ
307 1531 510 1603 πείθομαικαὶ
530 1527 615 1595 αὐτὸς
636 1527 710 1588 oritas
727 1529 815 1602 suipra
835 1532 922 1589 δοκέω
941 1531 1026 1605 εἶναι,
1049 1530 1117 1589 idoiv
1133 1555 1157 1590 κ,
1171 1556 1195 1588 τ.
1214 1539 1249 1602 L,

120 1617 173 1671 alia.
207 1620 307 1690 Neque
328 1619 355 1670 in
377 1619 478 1671 talibus
494 1621 635 1688 positarum
651 1621 840 1673 auctoritatem
856 1619 910 1689 ipsi
927 1620 1071 1685 offecisse,
1097 1639 1111 1672 e
1132 1620 1191 1672 loco
1208 1621 1249 1672 in-

121 1702 227 1771 signiori
244 1704 286 1769 ΙΙ,
304 1707 354 1757 120
369 1702 552 1774 apparet**),
575 1721 736 1776 quamquam
755 1705 783 1756 in
805 1704 889 1757 rebus
911 1704 998 1757 sacris
1021 1705 1165 1758 arcaniora
1185 1705 1249 1757 reli·

120 1789 195 1854 gione
210 1789 327 1859 quadam
342 1806 373 1842 se
390 1788 550 1842 obstrictum
566 1789 671 1857 tuisse,
686 1806 741 1859 qno
756 1790 845 1841 minus
862 1806 916 1841 non
933 1789 1036 1855 omnia,
1053 1807 1125 1859 quae
1139 1791 1250 1858 cognita

120 1873 218 1942 babuit,
242 1874 433 1944 eloqueretur,
452 1874 501 1926 sed
516 1874 626 1928 silentio
643 1875 774 1945 quaedam
789 1875 1033 1944 praetermitteret,
1054 1874 1113 1943 ipsa
1128 1876 1250 1944 ingenue

119 1959 259 2026 profitetur
274 1959 312 2026 ΙΙ,
327 1962 353 2014 3.
368 1962 413 2012 la.
428 1963 472 2013 411.
486 1962 530 2019 65,
548 1963 605 2014 110.
625 1964 684 2014 171.
724 1960 781 2023 Qui
796 1968 885 2013 autem
902 1968 979 2013 tanta
998 1977 1057 2012 cum
1071 1977 1137 2013 cura
1152 1968 1180 2013 et
1190 1961 1249 2013 veri

120 2042 202 2095 studio
218 2044 312 2096 ubivis
326 2044 397 2111 egit,
421 2045 468 2114 qui
486 2062 580 2098 verum
595 2044 654 2098 sine
671 2045 725 2098 ullo
745 2045 841 2098 timore
857 2044 1002 2098 enuntiare
1019 2042 1189 2113 audet***),
1216 2047 1250 2097 ab

120 2128 182 2180 omni
197 2129 339 2182 mendacio
350 2129 512 2198 alienus†);
533 2147 593 2182 curn
608 2148 702 2183 verum
719 2130 844 2183 nnumin
866 2130 992 2183 omnibns
1008 2138 1039 2183 ut
1055 2138 1180 2197 erueret,
1197 2130 1249 2182 sibi

119 2214 282 2283 propositum
298 2214 424 2281 baberet,
440 2231 500 2266 eum
515 2233 609 2268 rerum
625 2216 716 2269 dicere
729 2218 839 2270 coluisse
855 2216 950 2285 utiquc
966 2213 1154 2271 concedemus.

194 2299 249 2352 lam
269 2299 350 2352 renio
368 2299 402 2351 ad
419 2298 548 2366 alterum,
569 2302 641 2370 quod
657 2301 838 2372 requirimus,
855 2318 950 2354 rernm
965 2306 997 2353 ut
1011 2300 1119 2354 tradere
1135 2301 1251 2371 potuerit

120 2383 281 2438 Herodotus.
317 2384 374 2448 Qui
395 2401 488 2437 rernm
510 2401 593 2438 unum
614 2392 645 2438 ut
666 2387 802 2453 traderet,
828 2386 979 2455 longinqua
999 2386 1122 2454 suscepit
1140 2386 1266 2452 itinera,⁴

122 2485 201 2521 omnes
216 2469 306 2522 subiit
321 2469 425 2522 riarum
447 2468 586 2522 molestias
605 2478 688 2540 atque
706 2471 828 2540 labores,
855 2488 909 2540 quo
926 2470 987 2540 ipse
1002 2470 1111 2539 singula
1129 2471 1188 2523 loca
1207 2473 1250 2523 in-

123 2552 203 2606 ritans
218 2571 316 2607 verum
332 2554 427 2608 ridere
447 2560 496 2606 ant
510 2554 676 2608 sciscitando
696 2574 712 2608 a
727 2556 846 2627 singulis
863 2555 1013 2626 comperire
1029 2563 1138 2625 posset,
1162 2556 1209 2626 qui
1226 2557 1249 2608 si

126 2653 165 2704 qna
182 2639 251 2692 mira
266 2656 397 2709 parumve
417 2639 559 2693 credibilia
582 2647 630 2693 aut
645 2659 661 2693 a
677 2659 767 2695 rerum
782 2640 900 2696 naturali
915 2657 999 2694 cursu
1015 2641 1189 2693 abhorrentia
1205 2659 1249 2693 ac-

125 2731 232 2792 espmat,
254 2724 415 2792 diligentius
428 2725 456 2777 in
470 2725 525 2777 ista
540 2725 687 2795 inquisivit
702 2727 856 2797 iustamque
873 2727 914 2778 bis
929 2725 1107 2779 adhibendam
1122 2744 1183 2779 esse
1196 2727 1249 2778 sibi

123 2811 250 2874 persuasit
265 2809 367 2875 crisin,
386 2828 436 2862 nec
454 2811 699 2880 superstitionibus
711 2812 786 2881 vulgi
800 2831 850 2865 nec
862 2809 1056 2882 praeiudicatis
1073 2811 1249 2882 opinionibus

122 2900 205 2961 aptus
221 2913 275 2947 nec
290 2894 419 2947 credulus
435 2895 599 2964 nimiumque
613 2897 778 2966 religiosus,
798 2897 848 2950 sed
867 2897 1011 2966 perspicax
1026 2903 1054 2948 et
1070 2897 1096 2949 in
1113 2896 1162 2962 iis,
1179 2914 1249 2966 quae

122 2975 171 3044 ipse
185 2980 361 3045 observavit,
383 2980 563 3045 enarrandis,
583 2982 821 3049 accuratissimus,
838 2999 901 3035 num
914 2999 973 3035 eum
990 2999 1054 3034 vera
1068 2983 1190 3035 scribere
1202 3002 1249 3053 po-

121 3064 189 3119 tuisse
203 3064 387 3133 negabimus?
425 3064 461 3117 At
474 3066 560 3117 verba
574 3067 640 3120 dare
658 3074 787 3137 poterant
801 3067 854 3137 ipsi
870 3085 941 3138 quos
957 3066 1114 3120 sciscitatus
1132 3076 1176 3121 est
1190 3068 1249 3119 sive

121 3150 270 3203 sacerdotes
284 3150 343 3201 sive
358 3156 523 3203 mercatores
540 3169 628 3221 eoque
644 3152 722 3205 modo
738 3154 827 3223 ipsum
842 3152 937 3205 fallere
953 3159 980 3205 et
995 3152 1022 3204 in
1040 3170 1148 3205 errores
1162 3152 1248 3221 impli-

121 3248 181 3288 care.
215 3234 291 3287 Num
311 3252 392 3301 vero,
413 3252 530 3304 quaeso,
555 3237 583 3288 in
599 3243 657 3289 toto
679 3238 854 3291 historiarum
876 3255 959 3308 opere
980 3236 1060 3289 talem
1083 3256 1113 3289 se
1136 3238 1250 3307 praebet

121 3314 240 3373 iistoriae
254 3326 350 3390 pater,
372 3321 415 3372 cui
431 3329 484 3372 tam
498 3320 576 3373 facile
590 3322 736 3392 imponas?
772 3323 906 3393 Equidem
922 3323 972 3374 boc
988 3322 1032 3373 vix
1049 3322 1108 3374 fieri
1123 3322 1250 3391 potuisse

121 3414 179 3468 puto
197 3404 227 3456 in
246 3404 309 3457 viro
330 3411 384 3456 tam
407 3412 487 3458 cauto
507 3415 616 3476 tamque
638 3405 743 3460 sollerti
766 3412 794 3460 et
817 3407 943 3476 diligenti
962 3424 1053 3459 rernm
1076 3406 1248 3474 indagatore,

120 3487 215 3553 qualem
229 3489 363 3541 Nostrum
379 3490 468 3543 fuisse
483 3490 544 3542 libri
560 3493 726 3561 superstites
743 3492 880 3558 indicant,
896 3492 922 3543 in
940 3491 1041 3560 quibus
1057 3491 1102 3542 vix
1118 3491 1190 3543 ullus
1206 3510 1248 3544 re-

121 3573 218 3637 peritur
235 3574 328 3639 locus,
353 3592 440 3645 equo
456 3575 530 3628 illum
546 3575 672 3629 consulto
694 3576 722 3629 in
745 3594 854 3630 errores
875 3577 1018 3629 deductum
1041 3582 1090 3628 aut
1109 3595 1139 3628 se
1161 3575 1249 3645 decipi

121 3671 220 3722 passum
236 3677 313 3725 essa,
333 3659 438 3730 liquido
454 3668 664 3714 commonstrare
683 3663 783 3730 possis.
822 3662 891 3714 Nam
905 3660 978 3732 quod
1000 3661 1032 3712 ad
1047 3664 1187 3732 Aegyptius
1204 3679 1248 3713 ros

121 3742 281 3807 potissimum
302 3746 482 3813 confugiunt,
505 3764 520 3799 a
542 3746 733 3799 sacerdotibus
748 3747 892 3815 Aegyptiis
917 3747 1001 3799 verba
1023 3747 1165 3799 Herodoto
1186 3746 1249 3798 data

122 3841 176 3878 esse
196 3828 379 3895 clamitantes,
406 3831 432 3882 id
454 3849 533 3901 quam
557 3831 692 3884 infirmum
717 3832 766 3898 sit,
793 3832 912 3900 singulis
936 3831 1002 3883 locis
1022 3831 1049 3884 in
1072 3832 1248 3884 annotatione

180 4023 204 4088 ⁸)
222 4026 344 4078 Similem
362 4029 420 4079 iere
439 4031 465 4078 in
483 4030 591 4079 modurn
608 4031 719 4094 scripsit
731 4030 861 4081 Arrianus
879 4030 984 4095 Exped.
998 4030 1074 4081 Alex.
1088 4031 1127 4092 ΙΙ,
1144 4029 1187 4091 12,
1203 4029 1247 4078 12:

123 4087 166 4140 κα1
181 4092 269 4144 ταῦτα
287 4087 340 4159 ἐγώ
358 4086 430 4147 οὔθ’
446 4088 484 4155 ὦς
502 4089 602 4163 ἀληθῆ
623 4088 688 4148 οὔτε
705 4093 743 4155 ὥς
760 4090 855 4163 πάντη
872 4088 978 4148 ἄπιστα
995 4088 1157 4162 ἐνέγραψα.
1187 4098 1247 4160 VII,

125 4155 159 4215 ll),
169 4159 197 4210 8:
208 4159 258 4212 καΙ
268 4164 359 4214 ταῦτα
372 4155 436 4215 orire
448 4156 485 4224 air
497 4154 615 4227 α’τρεκὲς
627 4154 693 4215 oiirs
705 4157 742 4224 ὥς
752 4155 873 4216 ἄπιστον
885 4161 978 4230 πάντη
991 4155 1157 4230 εἷκὲγραψατ
1177 4180 1247 4229 qnae

123 4238 171 4276 una
182 4244 240 4279 cum
253 4230 317 4282 aliis
329 4232 424 4282 attulit
435 4233 565 4284 Sintenis.
579 4234 607 4282 in
617 4234 733 4283 Jahrbb.
747 4236 766 4285 f.
780 4234 915 4299 Philolog.
929 4234 988 4284 Vol.
1002 4234 1074 4283 XVI.
1088 4250 1114 4298 p.
1131 4232 1178 4282 lot
1190 4248 1247 4296 seq.

181 4293 219 4358 ’1)
237 4299 316 4353 Cous.
329 4300 462 4351 Creuzer:
482 4302 554 4351 Hist.
568 4302 659 4352 Kunst
671 4302 697 4351 d.
711 4302 757 4352 Gr.
771 4319 797 4367 p.
812 4302 860 4351 loo
873 4302 909 4368 (p.
923 4300 956 4352 83
969 4302 1010 4352 ed.
1024 4303 1101 4365 κω).

181 4360 233 4428 ¹⁸⁸³)
252 4366 346 4425 cone,
359 4374 389 4417 ut
402 4369 458 4419 alia
471 4374 594 4430 taceam,
607 4375 676 4420 nott.
690 4370 725 4419 ad
737 4371 813 4429 v111,
827 4370 868 4418 72.

182 4430 210 4495 l)
228 4432 306 4485 Cont.
318 4436 350 4498 V,
365 4435 398 4486 50
409 4436 501 4501 ibique
514 4442 583 4487 nott.
595 4437 656 4489 Vol.
670 4439 719 4488 ΙΙΙ.
733 4453 759 4503 p.
773 4438 806 4486 78
818 4452 875 4502 seq.
