2866 5134
283 370 341 429 DE
364 370 467 430 VITA
488 370 546 429 ΕΤ
568 369 760 429 SCRIPTIS
782 369 1017 430 HERODOTI.
1160 378 1221 437 455

100 540 212 610 colligss3
236 540 370 594 accedunt
394 540 447 593 alia
472 541 603 610 quaedam
629 541 784 593 testimonia
801 540 861 607 Vll,
882 540 953 609 57⁴¹)
976 550 1005 594 et
1025 543 1100 611 Vlll,
1121 544 1219 613 iifl),

101 628 139 679 ubi
152 626 210 696 pius
224 626 367 697 scriptoris
386 625 492 678 animus
508 644 561 678 non
578 627 660 678 audet
676 626 787 697 obloqui
803 625 930 696 oraculis,
946 629 1070 697 quamvis
1086 630 1220 681 subdubi·
1263 678 1267 687 ,

97 720 160 778 tans,
176 711 213 764 uti
230 712 348 774 videtur,
364 711 399 763 de
414 728 507 763 earum
520 711 645 764 veritate.
679 710 847 763 Distinxisse
862 710 948 778 igitur
962 711 1096 765 Nostrum
1107 713 1219 783 dixeris,

98 815 142 849 nse
165 797 283 849 omnibns
309 795 442 848 eiusmodi
468 795 549 847 dictis
572 804 673 849 temere
698 802 726 848 et
750 795 881 847 continuo
898 794 976 848 fidem
996 796 1155 851 addidisse:
1179 799 1219 852 uti

97 896 170 951 supra
180 886 205 946 s.
221 885 253 935 10
268 881 319 934 iam
333 880 486 933 monuimus
505 880 678 948 disputantes
694 881 728 932 de
742 878 789 931 illo
810 881 869 932 veri
885 881 991 948 studio,
1012 898 1067 950 quo
1086 883 1219 936 Nostrum

96 964 217 1034 insignem
233 967 322 1019 fnisse
335 972 419 1035 atque
433 983 498 1034 prae
514 964 591 1032 vulgi
608 963 854 1035 superstitionibus
869 965 997 1033 sapuisse
1017 968 1196 1019 ostendimus.
1305 955 1308 963 ¹

164 1046 261 1103 Restat
284 1050 402 1120 denique
429 1056 459 1102 ut
475 1049 628 1116 videamus,
657 1050 722 1118 quid
739 1049 899 1102 Herodotus
920 1049 954 1101 de
975 1050 1027 1117 iis,
1054 1069 1125 1121 quae
1155 1061 1219 1121 post

94 1142 190 1189 mortem
211 1138 307 1193 futura
330 1135 402 1202 sint,
420 1135 508 1187 animo
530 1134 670 1189 statuerit.
705 1134 746 1187 De
770 1134 874 1186 animae
892 1134 1092 1189 immortalitate
1114 1138 1139 1189 ei
1155 1156 1217 1206 per-

94 1237 193 1274 suasum
207 1220 305 1286 foisse,
320 1236 400 1290 quem
416 1226 493 1271 tanto
510 1219 623 1287 ingenio
639 1218 803 1288 praeditum,
819 1219 1017 1289 Aegyptiorum
1033 1226 1115 1290 atque
1130 1223 1217 1275 Grae-

92 1322 172 1358 corum
196 1300 410 1373 mysteriisttt)
438 1304 571 1356 initiatum
601 1304 688 1356 luisse
716 1302 885 1372 accepimus,
913 1320 977 1357 num
1007 1305 1218 1360 dubitabimus?

92 1389 171 1457 began
194 1390 267 1457 mibi,
295 1406 365 1460 quse
387 1388 484 1441 scribit
505 1389 540 1455 ll,
570 1392 619 1443 123
640 1388 701 1440 coll.
717 1388 765 1456 lV,
781 1390 830 1454 95;
855 1387 994 1454 addeins,
1018 1408 1089 1459 quae
1109 1398 1219 1444 exstant

8 1528 10 1535 Α
93 1473 147 1541 v,4
170 1470 282 1546 (ubi'cl.
300 1480 368 1527 nott.
387 1473 447 1528 Vol.
465 1473 514 1526 lIl.
532 1493 559 1543 p.
578 1478 604 1527 7.
623 1473 654 1540 8)
680 1473 715 1525 iis
734 1470 880 1539 simillima,
906 1490 976 1542 quae
1002 1474 1114 1527 divinus
1141 1483 1218 1528 vates

90 1560 154 1611 canit
165 1561 192 1612 in
206 1559 371 1613 Ecclesiast.
387 1558 448 1623 Vll,
467 1561 480 1610 l
497 1559 587 1611 autin
603 1558 663 1611 lob.
679 1557 754 1631 lllV,
769 1561 782 1610 1
799 1564 827 1609 et
840 1556 925 1625 iunge
946 1558 1020 1611 bisce
1035 1559 1109 1611 locos
1133 1561 1156 1627 l,
1173 1564 1216 1614 31.

91 1642 210 1715 vt1,tss;
236 1644 276 1696 nil
302 1643 413 1695 dubium
440 1661 523 1708 sane,
549 1643 616 1715 quin
643 1642 759 1695 animum
787 1639 959 1694 immortalem
985 1662 1047 1695 esse
1070 1644 1219 1697 crediderit

88 1727 189 1795 Noster,
214 1730 338 1799 indeque
362 1727 441 1780 etiam
468 1726 587 1781 melioris
610 1736 674 1796 post
698 1733 811 1780 mortem
834 1727 945 1780 suturae
960 1728 1127 1781 conditionis
1142 1748 1218 1798 spem

88 1812 203 1867 bsbuerit
224 1813 418 1879 certissimam,
442 1820 473 1864 ut
492 1821 603 1865 mortem
625 1818 780 1882 exoptatum
809 1827 989 1864 aerumnosae
1009 1813 1082 1865 vitae
1105 1815 1219 1867 duceret

89 1899 231 1967 perfugium
251 1897 377 1967 morique
398 1898 493 1951 melius
511 1916 572 1950 esse
595 1896 763 1967 existimaret
782 1913 861 1965 quam
877 1896 963 1948 nasci.
1000 1897 1040 1950 Ad
1058 1915 1137 1970 quarn
1153 1917 1217 1951 sen-

89 1983 187 2036 tentiam
204 1990 306 2054 sponte
328 1982 445 2035 ducebat
466 1983 596 2035 humanae
612 1981 772 2050 fragilitatis
788 1989 870 2051 atque
885 1981 1052 2035 infirmitatis
1069 1985 1160 2051 notio,
1183 1984 1217 2036 de

87 2084 132 2135 qua
147 2085 230 2138 supra
246 2067 382 2133 diximus3
397 2067 444 2139 qui
461 2068 531 2120 enim
549 2068 572 2119 si
589 2075 693 2137 peccat,
708 2083 823 2136 poenam
839 2082 953 2137 eamque
969 2084 1080 2135 gravem
1102 2068 1153 2121 luit
1167 2087 1218 2121 nec

88 2152 141 2204 talis
155 2161 205 2220 est,
230 2153 282 2224 qui
299 2158 439 2221 peccatum
461 2152 566 2205 evitare
587 2169 735 2223 rerumque
755 2150 991 2221 aequabilitatem,
1013 2164 1093 2223 quam
1119 2172 1217 2207 severe

87 2240 168 2291 tuetur
187 2239 259 2292 deus
286 2236 402 2290 omnium
424 2236 524 2289 vindex
537 2246 622 2307 atque
638 2237 725 2304 ultor,
741 2253 855 2289 servare
873 2235 975 2305 ubique
989 2238 1094 2309 possit,
1112 2239 1136 2290 is
1154 2257 1216 2307 per-

88 2322 165 2389 petuis
182 2326 241 2377 fere
257 2324 287 2375 in
305 2322 355 2374 hac
368 2322 426 2374 vita
440 2322 559 2374 iactatus
573 2322 650 2374 malis
670 2330 752 2392 atque
767 2319 977 2387 calamitatibus,
995 2322 1130 2375 meliorem
1147 2323 1217 2375 illam

89 2414 174 2461 sortem
192 2427 247 2462 non
265 2411 360 2478 potest
373 2390 617 2475 non⁶praedicare,
638 2406 665 2458 in
682 2422 737 2475 qua
753 2405 824 2457 vitae
843 2406 968 2458 terreatis
983 2406 1114 2459 fluctibus
1129 2427 1217 2460 exem-

91 2498 142 2555 ptus
148 2500 309 2564 perpetuam
320 2491 544 2564 tranquillitatem
555 2497 638 2561 atque
649 2490 805 2543 felicitatem
819 2508 850 2542 se
865 2490 1026 2560 adepturum
1038 2510 1099 2544 esse
1111 2500 1215 2562 sperat.

94 2572 190 2631 lobene
212 2596 285 2631 vero
307 2576 491 2630 tristissimam
514 2576 587 2628 vitae
608 2576 740 2628 humanae
760 2575 953 2643 cogitationem
970 2593 1064 2629 omnes
1083 2578 1215 2645 incidere,

94 2659 130 2726 qui
143 2662 319 2717 Christianae
335 2660 478 2729 religionis
494 2661 555 2714 luce
570 2668 690 2727 careant,
705 2660 837 2713 neminem
854 2660 937 2728 fugit.

157 2748 197 2801 Ex
212 2750 272 2800 ista
292 2752 383 2801 autem
397 2746 532 2799 Herodoti
552 2747 691 2799 sententia
711 2745 746 2797 de
768 2745 878 2798 numine
895 2745 989 2798 divino
1004 2746 1121 2817 eiusque
1139 2747 1166 2799 vi
1185 2765 1217 2799 ac

91 2836 219 2899 potestate,
237 2834 277 2886 de
295 2832 356 2901 ipsa
370 2831 485 2883 bominis
500 2836 600 2884 natura
613 2830 729 2900 eiusque
744 2830 851 2882 ratione
867 2830 975 2898 agendi,
992 2831 1081 2901 qualis
1095 2832 1217 2885 adivina

88 2924 161 2968 tuente
186 2919 212 2971 ei
239 2915 396 2970 constituta
420 2916 500 2984 quasi
526 2934 557 2968 ac
583 2915 755 2985 praescripta
781 2921 833 2980 est,
860 2915 931 2967 haud
960 2915 1018 2967 scio
1033 2933 1067 2968 an
1084 2917 1215 2986 explicari

85 3000 170 3069 possit,
189 3020 262 3073 quae
281 3000 426 3070 scriptoris
448 3000 532 3053 fuerit
545 3001 684 3053 sententia
701 3005 733 3055 dc
747 3003 823 3055 rebus
835 3002 957 3071 publicis,
973 3001 1007 3053 de
1028 3019 1060 3054 ea
1075 3002 1215 3070 regiminis

84 3082 172 3153 torma,
193 3105 267 3158 quae
289 3086 363 3138 inter
386 3091 483 3153 gentes
504 3085 636 3137 constitui
661 3092 689 3138 et
713 3084 828 3154 reliquis
851 3086 985 3155 praeferri
1006 3086 1114 3139 debeat.
1146 3087 1215 3139 Cum

83 3168 152 3236 enim,
167 3187 355 3243 quaecunque
371 3170 492 3223 homines
510 3169 635 3238 affligere
650 3180 769 3240 possunt
786 3170 868 3237 mala,
886 3189 918 3223 er
936 3188 969 3223 ea
983 3177 1150 3224 enascantur
1167 3188 1215 3224 su·

83 3255 176 3322 perbis,
201 3256 395 3328 qaseiustum
410 3255 531 3323 modurn,
558 3271 612 3324 quo
640 3256 758 3325 quisque
785 3262 925 3308 setenere
950 3256 1063 3322 debeat,
1090 3256 1214 3325 finesque

83 3340 231 3394 mortalibus
250 3341 360 3411 positos
378 3339 513 3393 excedens
529 3340 562 3391 ad
586 3339 671 3392 divini
694 3339 813 3392 numinis
829 3339 882 3392 rim
899 3359 930 3392 se
951 3339 1082 3392 extollere
1103 3340 1213 3407 gestiat,

82 3422 139 3475 niltil
151 3426 286 3481 historiae
301 3432 381 3495 pater
391 3426 476 3493 magis
488 3441 600 3479 exosum
615 3424 697 3476 habet
711 3441 789 3495 qnam
806 3424 987 3492 tyrannidem,
1004 3442 1054 3476 nec
1069 3424 1214 3494 quisquam

80 3509 223 3564 mortalium
250 3510 339 3578 magis
367 3510 476 3562 videtur
499 3508 675 3562 exsecrabilis
701 3516 947 3577 quamtyrannus,
973 3509 1001 3560 in
1024 3508 1104 3561 caius
1124 3510 1213 3563 animo

80 3589 139 3645 baec
151 3595 211 3649 sive
228 3595 364 3666 superbia
379 3595 439 3647 sive
451 3593 599 3646 insolentia
614 3593 738 3646 insidens
755 3593 824 3645 altas
840 3593 929 3661 egerit
943 3593 1063 3646 radices:
1081 3601 1109 3645 tu
1129 3598 1213 3663 cont,

80 3693 110 3728 ne
123 3679 210 3748 plura,
231 3680 314 3733 mado
331 3679 362 3747 V,
383 3684 418 3734 66
440 3679 533 3748 ibique
554 3684 623 3730 nott.
641 3677 701 3731 Vol.
717 3678 769 3730 lll.
791 3697 818 3748 p.
839 3681 897 3731 116.
914 3679 975 3744 Vll,
995 3680 1052 3733 156.
1071 3682 1129 3732 161.
1158 3680 1212 3733 Sed

78 3818 274 3832 *a

138 3892 163 3958 *l
181 3891 268 3960 τέρας
282 3910 332 3959 σφι
346 3886 440 3961 ἐφάνη
453 3888 539 3960 μέγα,
560 3886 591 3944 τὸ
604 3889 713 3960 Ξέρξης
726 3883 757 3944 ἒν
769 3884 868 3944 cddavl
881 3889 954 3958 λόγῳ
967 3884 1119 3960 ἐποιήσατο
1135 3895 1211 3945 καί·

78 3975 134 4022 sep
162 3954 409 4030 εὐσύμβλητον
436 3954 501 4015 ἐόν.
541 3964 579 4012 Et
600 3963 673 4012 conf.
695 3962 778 4011 etiam
798 3962 888 4012 locum
909 3961 990 4028 paulo
1012 3969 1076 4011 ante
1098 3962 1212 4013 allatum

78 4028 126 4092 VI,
138 4032 185 4161 ΞΖ)
197 4100 351 4180 χρησμοῖσι
369 4092 401 4149 di
418 4088 471 4149 ocis
490 4091 543 4163 ἔχω
555 4087 727 4162 αἀτιλέγειν,
745 4089 783 4156 ὥς
795 4087 847 4148 oris
861 4091 917 4148 eloi
927 4086 1052 4164 cilqtie'ac
1065 4088 1100 4148 ori
1109 4091 1210 4179 ,lavici-

77 4179 156 4227 μενος
175 4158 319 4232 {supreme
335 4160 470 4232 λέγοντας
486 4164 644 4229 πειρᾶσθαι
662 4158 866 4231 καταβάλλειν,
892 4157 920 4224 ἐς
941 4158 1039 4215 τοιάδε
1056 4181 1210 4244 πρηγματα

78 4223 222 4299 ἐσβλέψας.
236 4261 271 4271 -
287 4227 332 4294 Ἐς
343 4233 462 4285 τοιαῦτα
474 4226 527 4297 μὲν
544 4229 593 4284 καὶ
605 4223 678 4284 οὕτω
692 4225 829 4298 ἐναργέως
842 4227 951 4301 λέγοντα
963 4226 1080 4295 Βάκιδι,
1099 4233 1210 4284 umato·

78 4289 1033 4435 uotacollatoriacarantanas
1046 4291 1208 4367 ‘utu

238 4388 249 4421 ι
320 4409 328 4435 ,
376 4407 383 4421 .
518 4407 525 4420 .
600 4406 606 4421 .
651 4407 658 4433 ,
789 4406 796 4418 .
827 4406 833 4420 .
882 4405 889 4419 .
937 4406 943 4418 .
991 4405 998 4419 .
