2932 5124
441 396 704 459 CALLIOPE.
728 399 785 458 IX.
808 411 834 461 5.
856 407 882 461 6.
1163 402 1226 463 227

86 568 229 661 στρατόν
247 575 332 656 ἕξειν
354 567 582 659 τιμωρήσοντά
604 591 682 659 σφι,
709 575 744 640 ol
766 571 803 640 ὑὲ
821 577 939 659 έμενον
963 573 998 639 ἐν
1021 573 1064 660 τῇ
1084 566 1225 660 Ἀττική·

88 676 154 743 ἐπεὶ
174 674 213 742 ὑὲ
231 679 266 743 οἱ
280 673 343 762 μὲν
360 670 547 762 μακρότερὺ
565 675 673 741 τεκαὶ
692 681 887 763 σχολαίτερα
906 675 1047 760 ἐποίεον,
1065 667 1083 740 ὑ
1103 672 1140 741 dl
1160 676 1226 742 ἐπ-

87 773 131 844 ιόν
148 777 206 844 καλ
226 773 269 862 dd
288 777 324 843 ἐν
346 777 389 863 τή
410 780 553 863 Βοιωτίῃ
578 776 706 861 ἐλέγετο
730 773 832 862 εἶναι,
856 771 944 843 οὑτω
969 770 1011 860 δή
1033 768 1227 863 ὑπεξεκομί-

87 873 186 946 σαντό
202 903 240 945 τε
258 874 366 945 πάντα
383 876 438 944 καλ
455 871 550 945 αὑτοὶ
570 877 730 963 διέβησαν
748 878 779 956 ἐς
797 884 987 965 Σαλαμῖνα·
1013 878 1046 956 ἐς
1063 881 1227 945 Λακεδαί-

88 976 167 1065 μονά
185 1005 222 1046 τε
240 984 389 1066 ἔπεμπον
405 972 581 1065 ἀγγέλους,
609 972 676 1065 ἅμα
693 978 755 1066 μὲν
771 980 1001 1067 μεμψομένους
1018 993 1104 1047 τοῖσι
1121 987 1226 1047 Λακε-

89 1084 303 1168 δαιμονίοισι,
340 1075 390 1148 ότι
420 1082 590 1168 περιεῖδον
617 1077 800 1167 ἐμβαλόντα
826 1074 884 1149 τόν
911 1076 1083 1167 βάρβαρον
1110 1082 1142 1159 ἐς
1165 1075 1227 1167 τήν

86 1175 250 1268 Ἀττικήν,
269 1175 338 1248 ἀλλ’
356 1176 397 1249 οὑ
415 1176 496 1268 μετὰ
513 1182 627 1269 σφέων
644 1176 806 1268 ήντίασαυ
824 1182 856 1260 ἐς
873 1176 935 1267 τήν
952 1187 1132 1268 Βοιωτίην,
1160 1177 1227 1269 ἅμα

91 1282 120 1350 ll
140 1278 413 1371 ὑμομυήσοντας,
449 1277 511 1350 ὅσα
534 1301 594 1369 σφι
618 1276 777 1371 ὑπέσχετο
800 1275 820 1351 ό
844 1284 977 1371 Πέρσης
1003 1285 1226 1371 μεταβαλοῦσι

90 1382 222 1470 ὑόσειν,
247 1390 407 1473 προεῖπαί
421 1409 472 1471 τε,
499 1378 549 1451 ότι
568 1389 599 1451 εί
614 1378 659 1471 μή
676 1379 840 1472 ἀμυνεῦσι
861 1378 1082 1471 Ἀθηναίοισι,
1108 1378 1152 1463 oie
1171 1385 1226 1452 καὶ

90 1595 132 1630 σου
150 1573 285 1645 στρατόν]
315 1579 467 1630 Articulum
491 1571 541 1630 τὸν
565 1586 629 1630 ante
681 1588 843 1647 sequuntur,
869 1597 903 1631 er
923 1596 977 1632 nno
995 1581 1134 1632 Sanerotti
1154 1581 1225 1633 libro

90 1639 116 1698 ἐν
136 1649 223 1713 uulgo
248 1648 355 1698 illatum
380 1654 408 1698 et
430 1664 447 1697 a
468 1648 629 1710 Schaeiero,
680 1649 796 1699 dederat
814 1643 956 1713 ἔπεμψαν.
996 1649 1130 1713 Equidem
1148 1665 1225 1700 revo-

91 1731 161 1779 quem
192 1716 293 1766 Matth.
322 1717 458 1781 sequitur,
494 1721 629 1766 retentum
682 1719 758 1779 cavi,
783 1717 854 1781 quod
878 1717 979 1781 reliqui
1000 1715 1065 1765 libri
1087 1717 1223 1767 terebant

90 1784 211 1848 equidem
234 1799 297 1832 cum
314 1788 430 1832 recenti.
448 1783 508 1833 edd.
527 1784 629 1844 abieci,
680 1783 723 1833 De
745 1785 807 1849 ipsa
823 1784 965 1849 legatione
983 1783 1056 1834 coni.
1073 1784 1146 1835 Plut.
1164 1784 1226 1834 Ari-

90 1866 143 1900 eum
162 1868 180 1901 a
198 1849 376 1911 Florentino,
401 1851 540 1901 Sanorofti
557 1849 629 1901 libro
680 1851 744 1901 stid.
762 1850 803 1913 10,
823 1852 869 1915 qui
886 1851 971 1901 solum
986 1851 1135 1901 Aristidem
1152 1868 1224 1902 eom-

90 1924 115 1966 et
132 1919 222 1969 tribus
244 1918 381 1968 Parisinis
405 1918 482 1968 codd.
505 1919 629 1968 abesset:
681 1920 935 1969 memoratmissum
945 1919 1184 1969 Lacedaemonem
1198 1924 1226 1970 et

91 1986 228 2035 revocarit
245 1986 391 2036 articulum
405 1985 630 2051 exWeaselingii
681 1986 912 2037 Lacedaemoniis
935 1987 1146 2052 exprobrantem
1168 1995 1225 2037 tar·

91 2053 207 2103 editione
228 2053 403 2114 Dietaehius;
428 2055 456 2102 in
477 2069 529 2103 ano
552 2054 629 2102 Peri·
681 2054 812 2115 ditatem3
827 2054 903 2104 addit
915 2061 1008 2104 tamen
1021 2053 1185 2105 Plutarchus
1196 2056 1224 2104 in

91 2122 145 2170 sino
161 2122 315 2170 invenitur:
339 2117 554 2185 προσεδόκουν
570 2114 630 2171 τὸν
681 2123 740 2188 ipae
752 2122 882 2171 Aristidis
895 2122 1017 2184 decreto,
1030 2121 1102 2172 hunc
1115 2138 1169 2173 non
1182 2138 1224 2173 so·

91 2179 118 2237 lu
135 2187 184 2253 τής
200 2186 237 2238 Π,
255 2181 383 2252 στρατόν.
400 2215 434 2225 -
450 2189 483 2238 Ia
499 2204 575 2252 seqq.
594 2189 629 2237 ad
681 2189 735 2239 lum
759 2190 825 2240 ferri
846 2190 981 2255 legatum,
1005 2190 1055 2240 sed
1072 2189 1223 2252 Cimonem,

92 2249 214 2306 verbani
224 2248 257 2305 δὲ
271 2250 373 2322 ἔμενον
384 2256 418 2305 ob
429 2255 583 2322 particulae
597 2248 630 2306 dl
680 2257 867 2323 Xanthippum
878 2257 1130 2320 etltlyronidem.—-
1138 2258 1224 2309 Usum

92 2337 165 2371 usam
188 2324 262 2374 conf.
280 2323 377 2374 Matth.
397 2323 444 2376 Gr.
464 2324 509 2374 Gr.
527 2325 550 2384 5.
569 2322 627 2373 616,
680 2326 858 2440 partiouquq38
857 2339 886 2375 τε
909 2325 993 2375 semel
1016 2326 1124 2390 positae
1141 2328 1225 2391 attigi

682 2392 717 2441 ad
729 2393 793 2453 Vll,
860 2430 866 2440 .

714 2457 861 2524 προεῖται]
885 2461 942 2521 „In
960 2462 1104 2523 προεῖπαν
1120 2466 1225 2510 mutan·

92 2390 140 2439 Tu·
157 2392 218 2440 uide
246 2393 286 2441 sis
314 2407 420 2455 quoque
448 2398 517 2442 nott.
543 2391 577 2441 nd
606 2392 628 2455 l,

91 2456 122 2505 ou
138 2464 167 2507 et
178 2460 229 2521 IX,
241 2457 284 2508 80.
298 2459 340 2510 70.
354 2458 434 2521 Vlll,
450 2458 506 2509 115.
542 2460 574 2509 In
587 2475 629 2509 se·

92 2527 232 2588 quentibns
255 2519 285 2577 οἷ
304 2520 358 2590 μὲν
380 2526 414 2576 ad
431 2527 630 2590 Peloponnesios

92 2598 170 2657 atque
180 2595 396 2645 Lacedaemonios
406 2600 547 2660 spectant,
561 2610 581 2644 e.
594 2594 629 2644 ad

93 2661 244 2723 exercitum,
253 2677 332 2727 quem
343 2660 554 2727 ePeloponneso
564 2677 629 2711 ven-

92 2732 177 2777 turum
193 2744 254 2779 esse
267 2745 346 2794 opem
364 2730 433 2808 ipsis
447 2730 565 2780 laturum
583 2746 628 2779 ex·

93 2800 281 2859 spectaverant
292 2789 335 2860 (ἐκ
346 2813 397 2862 της
406 2790 630 2863 Πελοποννήσου

94 2856 206 2925 στρατόν
227 2854 308 2931 ἥξειν
331 2858 527 2930 τιμωρήσοντά
556 2867 628 2929 σφι).

94 2954 123 2964 -
136 2932 299 2996 σχολαίτερα
317 2933 417 2982 retinui
434 2950 495 2983 cum
513 2934 629 2982 Bredov.

94 3013 155 3061 pag.
169 3000 230 3062 278,
249 3002 295 3065 qui
313 3000 410 3050 merito
427 3002 533 3062 reiicit,
557 3000 629 3065 quod

95 3067 121 3113 in
138 3066 271 3118 Sancrofti
290 3067 360 3118 libro
376 3068 478 3133 legitur
495 3060 627 3133 σχολαιό-

96 3146 165 3194 τερα.
186 3162 218 3171 -
247 3137 387 3186 Intactum
416 3135 515 3202 reliqui
540 3128 572 3186 ἐν
594 3133 630 3201 τῇ

96 3199 219 3268 Βοιωτίη,
237 3203 361 3269 pluribus
379 3204 457 3254 codd.
476 3205 629 3269 probatum.

96 3266 225 3319 Sanerolti
249 3271 321 3322 liber
344 3286 404 3321 cum
433 3270 497 3322 aliis
526 3264 555 3329 ie
578 3263 631 3335 τήν

96 3334 232 3401 Βοιωτίην,
246 3339 318 3403 qnod
328 3339 490 3404 praeierunt
501 3339 628 3390 Greslrof.

97 3402 126 3450 in
141 3404 281 3455 Selrulueit.
300 3406 358 3470 (ll).
378 3405 443 3457 1832
455 3423 519 3471 pag.
532 3405 583 3456 984
602 3412 630 3456 et

95 3469 220 3522 Seliaeier
241 3474 270 3522 in
287 3474 491 3524 Animadversa.
514 3476 548 3524 ad
566 3475 629 3524 Plu-

96 3538 177 3588 tarchi
190 3541 243 3590 vit.
256 3540 317 3590 Vol.
332 3542 364 3590 V.
377 3558 442 3607 pag.
455 3540 514 3591 285.
550 3541 629 3592 Conf.

96 3604 189 3680 llerpd.
202 3609 226 3669 1,
240 3608 282 3658 21.

129 3686 194 3724 ουτω
206 3668 241 3741 δή
254 3666 499 3743 ὑπεξεκομίσαντό
509 3692 538 3727 τε
555 3669 626 3727 τόν·

96 3737 143 3803 τα]
161 3741 199 3790 De
219 3759 268 3793 usn
284 3745 483 3810 particularum
501 3735 574 3796 οὑτω
591 3737 627 3809 δή

97 3810 292 3862 monuitMatth.
300 3811 346 3863 Gr.
354 3812 399 3862 Gr.
406 3812 493 3873 §.utu
504 3814 547 3862 Tu
555 3812 627 3873 ride,

97 3874 121 3923 ai
140 3880 203 3926 tanti
218 3883 274 3943 est,
292 3880 395 3929 Herod.
412 3882 494 3937 vm,
512 3880 554 3930 40.
572 3878 627 3929 118.

102 3940 156 3990 tat.
171 3946 215 4008 lli,
235 3944 273 3996 18.
290 3946 334 3997 23.
352 3947 393 3997 34.
411 3947 453 3997 35.
472 3948 513 4001 49.
531 3947 572 3998 83.
586 3947 627 3997 10.

97 4008 343 4065 so.1oa1os.118.
359 4041 391 4050 -
408 4017 527 4066 Verbum
544 4008 628 4066 ὑπεκ-

96 4076 255 4141 ισμίζεσθαι
273 4084 348 4145 (cium
360 4092 503 4149 exportare
514 4085 571 4148 aua)
589 4090 629 4133 at-

97 4146 315 4213 siginulfum.

146 4204 171 4271 it
195 4213 394 4283 Λακεδαίμονά
428 4235 458 4270 τε
488 4214 628 4285 ἔπεμπον]

96 4279 265 4348 Schaelerns,
291 4302 370 4351 quem
386 4288 487 4338 Matth.
512 4293 540 4337 et
556 4287 629 4337 Bek-

97 4346 154 4397 ker
171 4351 281 4417 itemque
304 4354 430 4405 Diodori.
453 4362 482 4406 et
503 4354 628 4406 Dietseh.

681 2527 743 2576 dum
766 2527 961 2590 suspicabatur
982 2528 1120 2577 Koenins:
1143 2544 1223 2592 prae·

680 2600 754 2644 terea
770 2596 962 2651 denuntiarunt,
980 2599 1008 2643 ai
1017 2596 1131 2644 uenirent
1142 2597 1223 2646 Aete-

680 2662 808 2711 nieusibua
820 2663 933 2721 attritio,
950 2664 996 2712 λοι
1012 2663 1062 2712 sibi
1075 2666 1146 2727 ipsos
1157 2669 1225 2712 treto-

680 2746 735 2779 mea
752 2732 877 2796 quoddam
891 2736 1048 2794 paraturos:
1071 2731 1112 2780 sic
1129 2730 1224 2780 redde·

681 2814 738 2847 rem
750 2797 921 2859 Herodotea,
939 2788 977 2856 οἱς
993 2793 1042 2848 καὶ
1059 2788 1145 2848 uduo!
1160 2813 1225 2849 τινα

680 2855 810 2944 α’λεωρήν
832 2857 1015 2931 εὑρήσονται,
1039 2866 1068 2915 id
1090 2870 1133 2916 est
1152 2856 1224 2916 ὑπο·

681 2946 809 2998 στροφήν
826 2923 1027 2998 ἕτοιμοίσονται
1049 2932 1094 2984 vel
1111 2924 1225 2997 inrupi

681 3015 788 3050 σονται.
812 3002 872 3051 Ηοο
885 3001 1043 3065 significatu
1053 3001 1104 3052 ribi
1112 3003 1227 3066 parendi

681 3067 726 3119 vel
738 3070 900 3147 adipiscendi
909 3069 1050 3119 veteribus
1062 3069 1222 3133 frequenta·

681 3141 737 3185 tum
761 3131 898 3199 ευρέσθαι
924 3137 1049 3186 adhibuit
1070 3136 1219 3201 aliquoties

682 3204 783 3254 Herod.
803 3204 877 3253 inira
891 3204 934 3252 bis
947 3221 970 3253 e.
984 3204 1018 3253 26
1031 3208 1059 3253 et
1070 3203 1104 3253 28
1120 3194 1225 3254 ἄδειαν

682 3262 820 3335 εὑρέσθαι
841 3271 885 3321 vel
904 3265 1023 3336 εἰρήνην
1045 3271 1090 3320 vel
1107 3262 1225 3335 α’γαθόυ

681 3355 707 3389 τι
731 3337 886 3403 lutetiam
907 3340 962 3401 111,
989 3335 1046 3402 148]
1071 3338 1224 3387 locutiones

681 3412 745 3457 sunt
761 3407 974 3457 usitatissimae:
994 3396 1133 3468 εὑρέσθαι
1145 3400 1224 3467 παρὰ

681 3472 737 3523 τῶν
765 3472 845 3523 θεῶν
872 3471 928 3521 τῶν
956 3464 1104 3536 παρόντων
1129 3472 1225 3523 κακῶν

681 3531 851 3606 ἀπαλλαγήν
868 3540 938 3589 dixit
954 3540 1070 3591 leocrat.
1089 3541 1117 3590 in
1134 3542 1222 3605 Evag.

679 3625 743 3674 pag.
754 3608 828 3658 1le
842 3605 946 3675 [uap.5.
956 3610 979 3669 §-
988 3605 1041 3674 14].
1052 3608 1222 3659 vidDawes.

680 3679 708 3727 in
721 3677 799 3726 Misc.
813 3676 880 3726 Crit.
893 3691 957 3741 pag.
970 3674 1050 3725 258.“
1073 3678 1098 3725 V
1102 3677 1223 3726 alelen.

680 3744 834 3806 Schweigh.
853 3744 881 3792 in
895 3745 961 3793 Len.
975 3743 1075 3794 Herod.
1094 3745 1116 3793 Ι.
1135 3761 1160 3809 p.
1174 3744 1223 3793 :297

679 3810 846 3862 reddendum
865 3812 985 3861 censuit:
1010 3814 1138 3877 „aliquod
1157 3815 1223 3861 leua-

679 3887 784 3929 mentum
795 3879 844 3928 eibi
849 3879 987 3943 parabunt,
998 3882 1030 3928 iis
1037 3886 1224 3954 saurontqruu·

679 3964 725 3998 uer
736 3950 842 4013 quelque
853 3947 1049 4011 aozclaqement.“
1067 3948 1127 3996 Vox
1138 3947 1224 3996 αλεω-

681 4013 730 4081 ρή,
750 4030 820 4080 quae
834 4014 900 4065 mali
918 4015 1059 4065 cuiusdam
1071 4016 1189 4079 effuqs'um
1202 4029 1224 4063 s.

681 4086 838 4134 cenationem
854 4084 963 4148 proprie
980 4080 1121 4147 signifieat
1138 4080 1223 4145 (conf.

680 4151 816 4214 Hesychii
834 4150 924 4202 Gloss.
942 4152 963 4204 1.
983 4166 1046 4216 pag.
1064 4149 1112 4198 118
1130 4151 1172 4199 ed.
1186 4151 1222 4199 Μ.

682 4218 812 4269 Schmidt.
828 4222 855 4267 et
866 4219 976 4267 Homer.
987 4217 1032 4268 lli.
1042 4218 1140 4279 XXIV,
1153 4215 1222 4278 216),

681 4287 744 4336 inde
759 4300 864 4350 quoque
881 4288 1012 4335 tutataenti
1027 4285 1168 4353 notionem
1180 4297 1223 4333 as·

681 4354 808 4419 sumpsit:
833 4358 863 4403 tu
879 4355 935 4403 vid.
949 4352 1064 4403 eundem
1077 4354 1224 4402 Homerum

956 4436 1021 4504 15*
