2826 5132
543 395 601 455 AD
624 395 713 468 VIH,
736 405 779 458 55.
1171 396 1232 460 303

94 567 162 619 cnr.
187 567 232 634 n.)
252 566 623 637 nondumprorsuslinitum
642 567 730 619 luisse
752 584 836 637 opus:
862 567 930 620 adeo
958 572 1004 635 ut,
1031 583 1089 619 cnm
1111 566 1232 635 proximo

91 670 167 704 anno
194 651 318 722 (Olymp.
335 652 438 721 XCIII,
453 655 469 707 3
486 653 545 704 sive
561 656 612 706 400
634 661 697 704 ante
718 652 784 707 Chr.
807 654 849 721 n.)
870 652 997 722 templum
1022 650 1135 704 flammis
1156 668 1232 704 arre-

91 746 168 808 ptum
184 744 262 790 esset
279 744 350 814 teste
366 737 547 807 Xenophonte
560 737 588 789 in
605 737 711 789 Hellen.
734 737 757 804 I,
772 740 798 804 6,
814 743 839 805 2,
863 737 945 790 multo
970 743 1034 807 post
1057 737 1162 790 0111111111
1184 737 1234 789 hoc

91 839 195 875 uorum
206 823 388 876 Erechtheum
400 821 552 875 absolutum
562 840 624 875 esse
636 821 784 891 putendum
799 824 843 888 sit,
856 823 929 875 circa
936 821 1120 892 Olympiadem
1132 822 1233 889 CXIII,

95 918 124 959 ut
144 908 226 977 ponit
246 906 356 960 Miller.
378 907 396 963 Ι.
412 907 430 959 1.
464 907 525 959 Hoc
547 907 737 975 Erechtheum,
756 908 829 979 quod
844 908 985 960 Herodoto
1000 907 1094 960 videre
1111 908 1183 959 haud
1201 906 1233 957 li·

94 992 244 1058 111111ἀὶ1
259 1009 290 1044 ac
306 992 454 1062 descripsit
469 991 623 1045 Pausanias
637 992 660 1059 I,
676 994 720 1047 26.
737 998 769 1050 27
785 993 962 1062 eiusdemque
975 998 1070 1062 partes
1087 992 1234 1045 nonnullas

92 1078 183 1129 adbuc
207 1095 357 1146 superesse
384 1096 460 1130 nemo
487 1078 588 1130 nescite
613 1077 640 1129 in
669 1077 770 1147 quibus
795 1078 983 1131 describendis
1009 1077 1234 1148 explicandisque

92 1162 197 1216 summi
218 1162 363 1231 diligentis
383 1170 494 1215 nostrae
517 1162 615 1215 aetatis
638 1162 691 1213 viri
711 1163 783 1214 docti
805 1170 873 1216 sunt
886 1162 1006 1215 versati:
1031 1162 1063 1215 C.
1081 1163 1117 1216 Ο.
1133 1161 1235 1216 Itlriller

91 1248 147 1313 (De
171 1247 293 1300 Minerv.
319 1246 424 1305 Poliad.
450 1247 468 1299 l.
486 1247 505 1303 l.
531 1246 629 1299 Kleine
650 1246 781 1300 deutsche
805 1248 908 1300 Schrilt
929 1248 965 1300 ll.
991 1265 1054 1317 pag.
1077 1252 1123 1305 141
1154 1265 1233 1316 seqq.

91 1331 276 1400 Archaeolug.
293 1332 306 1398 1
324 1335 382 1399 100,
398 1336 436 1400 4),
452 1332 543 1385 Leuke
557 1332 767 1402 (Topographie
781 1352 806 1385 v.
825 1333 923 1385 Athen.
943 1350 1006 1402 pag.
1021 1336 1072 1389 243
1088 1350 1166 1402 seqq.
1183 1334 1234 1390 428

90 1435 172 1488 seqq.
188 1417 233 1469 ed.
248 1417 370 1487 Turic.),
385 1416 619 1470 Raoul-Iiochette
634 1416 762 1480 (Journal
778 1417 920 1470 d.Savans
937 1420 1013 1471 1850.
1030 1437 1057 1487 p.
1078 1420 1139 1474 001.
1156 1435 1234 1488 seqq.

90 1506 141 1556 701
171 1520 235 1571 sqq.
259 1504 335 1556 1851.
364 1521 391 1573 p.
412 1507 444 1556 27
468 1520 544 1571 seqq.
563 1504 597 1554 70
621 1501 689 1571 sq),
724 1502 809 1555 Benle
834 1501 1017 1573 (L’Acropole
1044 1503 1169 1557 d'Athen.
1198 1503 1234 1555 11.

89 1607 120 1658 p.
135 1592 186 1642 217
207 1605 286 1658 seqq.
299 1590 349 1646 231
360 1587 453 1659 seqq.)
465 1595 492 1639 et
503 1586 673 1659 potissimum
687 1586 821 1640 Thiersch
837 1586 985 1657 (Abbandl.
1002 1587 1028 1642 0.
1045 1588 1130 1655 Beyr.
1147 1587 1233 1643 arao.

89 1673 118 1726 (1.
135 1672 312 1728 Wissensch.
332 1673 426 1742 philol.
446 1672 509 1727 bist.
528 1671 633 1730 Classe.
654 1671 687 1722 V.
704 1689 730 1741 p.
751 1675 783 1725 81
802 1691 880 1743 seqq.
901 1675 947 1725 173
969 1690 1048 1742 seqq.
1064 1672 1141 1724 v111.
1156 1691 1184 1741 p.
1200 1675 1234 1726 03

88 1758 203 1829 seqq.):
227 1757 272 1810 cui
292 1758 321 1809 in
341 1757 459 1825 singulis
481 1756 643 1826 quibusdam
659 1757 861 1810 constituendis
880 1776 912 1809 ac
933 1757 1098 1809 deliniendis
1121 1756 1166 1808 alii
1183 1756 1235 1808 viri

87 1843 166 1896 docti
184 1849 254 1894 sunt
277 1841 412 1908 oblocuti,
439 1841 473 1895 de
499 1858 615 1910 quorum
638 1840 750 1910 scriptis
773 1842 829 1894 vid.
850 1842 932 1895 Stark
953 1842 980 1894 in
1005 1841 1138 1909 Philolog.
1160 1841 1234 1894 XIV.

90 1946 156 1998 pag.
176 1930 228 1981 701
247 1945 325 1997 seqq.
351 1927 393 1979 Ad
411 1926 581 1979 Herodotum
604 1926 670 1978 haec
688 1927 776 1980 minus
792 1927 950 1997 pertinent3
972 1945 1051 1997 quem
1074 1927 1142 1979 enim
1166 1926 1236 1978 vidit

91 2024 177 2083 atque
198 2012 332 2064 indicavit
350 2005 586 2081 Ἑρεχθὲοςνηόν,
616 2027 675 2063 cum
706 2011 741 2064 ad
767 2011 925 2081 antiquiora
949 2018 1071 2082 tempora
1096 2012 1236 2081 portinere

88 2097 316 2149 munstravimus.
347 2097 439 2167 Atque
458 2096 485 2148 in
503 2097 553 2148 hac
576 2096 731 2166 antiquiore
747 2097 893 2150 Erechthei
910 2098 978 2149 aede
994 2098 1089 2168 ntique
1108 2097 1162 2148 fuit
1177 2100 1236 2149 ulcu

87 2192 115 2235 et
131 2201 230 2249 saure,
252 2189 284 2234 ut
300 2181 405 2235 Noster
425 2182 451 2234 h.
468 2182 484 2235 l.
506 2181 609 2234 diserte
625 2181 800 2250 pronuntiet:
815 2176 844 2236 lv
858 2183 896 2254 τῷ
911 2176 986 2251 ἐλαίη
1001 2201 1029 2237 τε
1044 2180 1093 2235 καὶ
1107 2178 1236 2236 θάλασσα

85 2265 137 2322 ἒη.
156 2266 325 2319 Pausaniam
350 2267 375 2319 si
395 2267 536 2337 sequimur
559 2265 595 2333 (l,
621 2269 664 2320 20.
688 2270 714 2331 §.
736 2270 776 2334 6),
794 2285 847 2319 non
864 2274 917 2318 tam
940 2269 966 2318 in
989 2266 1135 2320 Erechthei
1157 2268 1235 2334 aede,

86 2370 171 2423 quam
185 2352 214 2403 in
232 2351 348 2403 alterius
368 2350 444 2404 aedis
460 2352 523 2405 huic
540 2350 662 2403 adiectae
681 2358 775 2419 parte,
796 2351 823 2403 in
841 2350 984 2404 Minervae
1001 2351 1121 2404 Poliadis
1144 2369 1235 2403 sacra-

89 2438 131 2489 rio
152 2457 230 2491 mure
250 2429 403 2506 (θάλασσα,
424 2437 484 2490 sive
507 2444 539 2489 ut
559 2435 712 2490 Pausanias
735 2436 847 2502 scribit,
868 2429 945 2505 ὕδωρ
973 2431 1141 2508 θαλάσσιον)
1173 2437 1235 2502 luit,

92 2522 216 2591 idemque
244 2520 324 2574 etiam
349 2522 521 2590 mox(1,27.
540 2523 601 2588 §2)
629 2520 662 2573 01
679 2523 738 2574 olea
754 2522 795 2573 sic
809 2523 910 2587 refert,
934 2528 966 2574 ut
986 2523 1013 2574 in
1031 2522 1152 2574 eiusdem
1169 2522 1235 2574 deae

97 2606 165 2657 cells
177 2608 264 2659 luisse
280 2606 457 2675 perhibentur
473 2604 643 2675 (vid.Lealre
664 2604 682 2656 l.
698 2604 716 2661 l.
734 2625 762 2677 p.
778 2610 839 2673 214,
855 2604 971 2659 Mdller:
986 2606 1085 2659 Kleine
1103 2607 1235 2659 deutsche

99 2691 201 2747 Schriit.
219 2692 258 2743 II.
276 2709 302 2750 p.
320 2693 398 2760 143);
415 2693 442 2743 in
459 2691 628 2757 Pandroseo,
644 2691 719 2759 quod
734 2691 893 2759 contiguum
906 2698 967 2744 erat
982 2691 1066 2744 cellae
1080 2692 1234 2756 lllinerrae,

98 2774 176 2829 oleam
191 2776 285 2829 inisse
298 2783 419 2829 testatur
438 2776 597 2847 Apollodor.
616 2775 667 2843 lll,
686 2780 727 2829 14.
743 2779 790 2841 §3
815 2776 935 2847 itemque
956 2777 1138 2830 Philochorus
1163 2777 1235 2846 apud

94 2861 206 2929 Dionys.
226 2859 416 2914 Halicarnaso.
433 2861 467 2914 de
481 2860 611 2916 Dinerch.
627 2862 651 2914 3.
667 2878 730 2929 pag.
747 2863 809 2916 636.

174 2945 235 3000 Sed
250 2945 317 2998 haec
333 2946 473 3015 pertinere
488 2952 615 3016 putamus
632 2945 665 2997 10
684 2946 751 2999 11110
765 2945 901 3016 templum,
921 2947 995 3017 quod
1016 2946 1080 2999 belli
1099 2946 1236 3015 Pelopon-

86 3033 194 3086 nesiaci
209 3031 382 3100 temporibus
395 3032 500 3085 exstrui
517 3036 642 3101 coeptum
656 3031 734 3083 modo
752 3032 878 3097 diximus,
896 3031 1038 3084 Herodoto
1054 3032 1126 3084 haud
1142 3032 1235 3097 cogni-

84 3129 159 3186 tum,
181 3116 266 3170 cuius
288 3117 440 3169 auctoritas
461 3117 504 3169 hia
523 3122 651 3185 posterae
675 3117 773 3169 aetatis
789 3117 953 3169 testimoniis
974 3118 1046 3169 haud
1061 3116 1234 3185 infringitur,

81 3205 107 3257 si
124 3204 191 3257 oles
206 3208 237 3255 et
252 3218 341 3268 mare,
363 3201 443 3255 caius
463 3202 540 3254 loeus
562 3203 641 3271 prius
661 3201 688 3252 in
706 3202 852 3254 Erechthei
874 3202 941 3254 1101
963 3202 1030 3267 1111,
1047 3210 1159 3270 postea,
1176 3217 1235 3254 cum

82 3306 190 3342 novum
213 3286 343 3356 templum
359 3285 532 3355 splendidius
549 3293 749 3357 exstrueretur,
774 3287 801 3338 in
824 3287 901 3339 aliam
921 3287 998 3339 aedis
1014 3285 1160 3338 adiunctae
1182 3286 1235 3338 cel·

83 3376 133 3428 lam
154 3372 383 3425 transferebatur
403 3372 496 3442 ibique
511 3370 666 3423 Pausaniae
687 3379 777 3423 aetate
798 3371 973 3425 cernebatur.
1004 3372 1130 3440 Namque
1146 3370 1234 3423 Hero-

79 3461 182 3513 dotum
196 3457 289 3509 minus
305 3464 432 3509 accurate
448 3457 596 3525 scripsisse
612 3463 695 3525 atque
713 3456 860 3509 Erechthei
876 3457 968 3509 aedem
985 3473 1043 3507 cum
1059 3456 1179 3521 diceret,
1194 3456 1234 3507 in-

77 3543 233 3599 tellexisse
254 3541 347 3594 cellam
360 3541 504 3595 Mineruae
519 3540 657 3607 Poliadis,
685 3539 766 3593 cuius
787 3542 869 3594 aedes
888 3541 1016 3594 adiuncta
1033 3548 1107 3605 erat,
1132 3548 1235 3594 utere-

75 3632 153 3697 0111,
168 3646 188 3680 a
199 3645 243 3680 uae
257 3627 403 3696 impetrare
416 3644 532 3697 nequeo.
548 3626 591 3677 Tn
604 3627 676 3677 coni.
689 3625 768 3677 etiam
780 3625 939 3678 Miillerum:
953 3627 993 3678 De
1002 3620 1120 3679 01111111.
1129 3625 1234 3678 Poliad.

74 3737 103 3787 p.
123 3720 189 3780 ⁶22,
203 3712 303 3764 Stnnrt
325 3720 353 3764 et
372 3712 475 3765 Revett
488 3711 648 3764 Altertlnim.
671 3711 692 3766 I.
712 3728 775 3779 pag.
791 3716 852 3764 47¹2.
873 3714 933 3777 581,
950 3706 1051 3767 Beald:
1067 3711 1235 3782 L'dcropole

73 3802 220 3855 d'Athen.
236 3797 272 3858 ΙΙ,
290 3814 352 3866 pag.
370 3800 421 3851 ‘232
437 3815 496 3866 seq.
513 3797 574 3851 248.

565 4082 680 4089 ἠ--
