2866 5134
316 397 374 455 DE
395 397 499 457 VITA
519 397 576 455 HT
599 394 791 455 SORIP'PIS
814 394 1051 454 HERODOTI.
1190 399 1252 460 459

113 568 186 619 haud
201 567 297 637 paucis
318 568 411 621 formis
431 571 514 639 atque
536 566 604 637 ipsis
624 567 732 620 dicendi
755 568 909 621 rationibus
934 569 968 619 ab
982 568 1124 621 Herodoto
1142 569 1252 621 multum

110 653 271 719 discedere3
298 652 602 722 quamdiscrepantiom
626 654 697 705 bene
723 669 832 722 quoque
858 652 965 705 notarit
982 653 1101 706 Bredor.
1133 656 1250 718 Quaest.

110 738 217 790 critico.
234 738 267 789 de
282 738 389 790 dialect.
405 738 540 790 Herodct.
556 755 619 807 pag.
638 741 679 790 10.
706 738 744 789 Ac
762 738 795 804 si,
820 740 893 806 quod
913 738 997 790 tradit
1018 738 1150 791 Aelianus
1169 739 1250 792 Varr.

110 822 187 874 Hist.
204 822 251 888 IV,
268 826 302 876 20
317 823 343 874 in
357 824 415 888 fin„
430 823 614 893 Hippocrates
628 822 692 873 licet
705 822 806 875 Dorica
825 823 911 891 stirpe
929 822 1078 889 oriundus,
1094 829 1182 877 tamen
1200 824 1251 882 Ds-

111 909 217 961 mocriti
231 906 259 959 in
283 907 407 975 gratiam,
429 907 523 959 ionica
545 906 661 959 dialecto
677 907 704 958 iu
722 906 801 959 libris
817 907 1021 976 perscribendis
1046 924 1113 960 usus
1129 916 1187 977 est,
1210 916 1252 961 te-

112 992 232 1045 nendum
243 993 347 1061 utique,
362 992 510 1045 Democriti
523 1009 683 1060 sermonem,
699 998 831 1061 quantum
847 1010 920 1043 urruc
936 992 1072 1062 quideme
1089 994 1251 1061 fragmentis

111 1094 227 1130 cernere
245 1077 317 1145 licet,
333 1078 367 1129 ad
382 1078 596 1146 Hippocrateum
610 1077 696 1144 magis
714 1077 843 1129 accedere
860 1094 940 1146 quam
963 1077 996 1130 ad
1009 1077 1195 1131 Herodoteum
1211 1079 1252 1130 di-

111 1161 193 1215 cendi
209 1179 314 1230 genus3
335 1162 391 1214 vid.
408 1161 528 1214 Mullach
546 1162 575 1214 in
598 1161 719 1214 Praelat.
744 1162 777 1213 ad
794 1162 940 1214 Democriti
962 1164 1083 1230 iragmm.
1108 1180 1170 1232 pag.
1188 1163 1251 1215 XII.

111 1248 182 1299 Cum
199 1263 263 1299 vero
285 1247 346 1315 ipse
362 1247 466 1299 Noster
487 1247 523 1317 (Ι,
541 1246 604 1314 142)
626 1253 759 1316 quattuor
783 1247 893 1299 lonicae
908 1247 1015 1300 dialecti
1033 1265 1136 1315 genera
1151 1268 1174 1304 s.
1191 1242 1253 1315 τρό-

110 1350 184 1393 πους
198 1329 384 1400 παραγωγέων
398 1339 592 1400 commemoret,
609 1331 762 1402 quaesitum
780 1332 876 1401 utique
891 1338 950 1399 est,
966 1333 1073 1385 cuinam
1088 1351 1121 1385 ex
1141 1333 1183 1386 liis
1198 1351 1253 1385 ma·

111 1418 160 1485 gis
177 1417 402 1471 accommodatum
425 1416 462 1468 sit
476 1417 661 1469 Herodoteum
685 1416 793 1468 dicendi
811 1433 900 1484 genus
916 1436 940 1469 s.
956 1434 1070 1487 quanam
1087 1418 1181 1470 Ionica
1195 1418 1253 1470 dia·

111 1502 184 1555 lecto
204 1503 311 1554 Noster
335 1501 493 1571 scripserit3
517 1500 565 1571 qui
591 1519 649 1553 curn
665 1502 738 1553 Sami
763 1501 926 1570 aliquamdiu
953 1508 1133 1555 commoratos
1160 1504 1253 1572 ibique

110 1587 193 1640 etiam
207 1586 325 1639 ionicam
344 1586 487 1639 dialectum
502 1586 616 1639 edoctus
634 1592 718 1652 esset,
742 1593 773 1638 ut
787 1586 887 1639 Suidas
903 1603 987 1656 supra
1001 1593 1027 1652 5.
1044 1591 1057 1640 l
1076 1586 1175 1640 allatus
1190 1607 1253 1657 par-

111 1672 190 1725 hibet
202 1668 248 1739 l¹),
265 1672 415 1724 Samiorum
433 1670 549 1723 dialecto
566 1672 659 1724 Ionica
672 1672 806 1723 Nostrum
821 1688 899 1724 usum
912 1691 974 1724 esse
987 1672 1051 1725 inde
1063 1671 1155 1741 colligi
1169 1691 1253 1742 posse

110 1755 240 1811 nonnulli
250 1762 431 1824 putaverunt,
448 1756 565 1826 aliisque
581 1756 660 1808 etiam
676 1756 831 1809 rationibus
847 1756 936 1808 allatis
950 1758 999 1809 hoc
1014 1758 1131 1828 probare
1145 1758 1253 1810 studuit

109 1842 215 1893 Giese:
238 1841 329 1894 Ueber
343 1841 369 1893 d.
390 1841 545 1893 aeolischen
563 1841 679 1894 Dialect.
700 1857 763 1910 pag.
785 1844 834 1894 152
854 1836 994 1910 seqq.**).
1041 1843 1141 1912 Neque
1162 1849 1252 1894 tamen

111 1928 136 1978 id
153 1926 297 1995 persuasit
314 1926 452 1978 Bredovio
467 1925 486 1977 l.
502 1925 520 1977 l.
536 1943 600 1996 pag.
615 1928 632 1980 8
647 1944 723 1995 seq,
746 1926 826 1979 cuius
849 1926 949 1978 iudicio
969 1927 1030 1980 milii
1051 1945 1162 1997 quoque
1187 1928 1252 1980 sub-

110 2010 288 2064 scribendum
311 2010 435 2077 videtur,
461 2027 519 2063 cum
543 2028 613 2081 quae
635 2011 732 2063 allatae
752 2018 819 2063 sunt
842 2011 968 2079 singulae
989 2012 1127 2077 rationes,
1151 2012 1253 2083 quibus

109 2095 262 2149 Samiorum
276 2095 391 2148 dialecto
415 2113 493 2148 osum
513 2114 576 2148 esse
591 2095 724 2149 Nostrum
743 2097 889 2149 ostendere
910 2096 1020 2163 volunt,
1045 2097 1253 2166 haudquaquam

108 2181 136 2234 id
155 2180 295 2234 evincant.
325 2180 424 2249 Neque
439 2180 519 2233 aliter
533 2180 567 2233 de
583 2181 625 2234 his
646 2181 816 2234 iudicaverat
831 2182 928 2249 [aeger
946 2181 973 2233 iu
989 2182 1112 2251 Disputt.
1128 2182 1252 2234 Herodd.

108 2287 137 2336 p.
153 2271 171 2319 7
195 2265 262 2318 haec
283 2266 480 2334 pronuntians:
503 2266 606 2335 „Quod
628 2267 710 2319 affert
731 2267 848 2333 Saidas,
864 2266 936 2318 Sunii
952 2266 1121 2320 Herodotum
1136 2267 1252 2319 dialecto

109 2350 222 2404 lonicae
243 2350 418 2415 assuevisse,
443 2369 494 2419 pro
516 2369 589 2404 mera
608 2352 766 2403 coniectura
787 2352 938 2404 habendum
957 2360 1009 2404 est.
1039 2352 1096 2404 Res
1116 2359 1144 2404 et
1157 2371 1207 2421 per
1222 2371 1253 2405 se

109 2453 207 2506 parum
230 2434 380 2504 probabilis
402 2442 430 2489 et
446 2436 620 2489 convincitur
636 2436 741 2489 Samiae
762 2436 872 2489 dialecti
893 2438 994 2506 fornia,
1016 2438 1050 2488 ab
1070 2437 1252 2505 Etymologici

110 2521 207 2587 Magni
221 2520 358 2590 scriptore
369 2528 488 2590 serrata,
504 2515 726 2587 Δεύνυσος***),
743 2523 776 2573 ab
790 2521 924 2574 Herodoti
937 2521 1054 2575 dialecto
1070 2522 1167 2575 aliena.
1195 2522 1253 2573 Du-

112 2605 188 2656 bium
202 2623 256 2657 non
273 2623 335 2658 esse
351 2605 475 2673 videtur,
496 2606 562 2676 quin
588 2605 737 2673 dialectum,
760 2623 815 2677 qua
829 2607 989 2659 Herodotus
1006 2624 1074 2660 usus
1091 2614 1149 2673 ost,
1170 2608 1255 2660 fuerit

115 2692 199 2742 forma
222 2689 332 2743 dialecti
356 2690 466 2743 lonicae
486 2691 640 2758 Caricaql),
667 2691 776 2760 eadem,
807 2708 862 2762 qua
883 2699 910 2745 et
925 2692 1081 2744 Hecataeus
1103 2691 1255 2760 scripserat

116 2774 251 2829 lllilesius.
288 2775 330 2827 Ad
352 2774 434 2827 huius
456 2776 626 2846 potissimum
649 2784 677 2828 et
697 2777 830 2829 orationis
853 2784 881 2829 et
903 2777 1013 2844 liuguae
1038 2777 1170 2829 rationem
1190 2795 1253 2830 sese

111 2860 325 2913 conformaverit
339 2877 452 2913 necesse
468 2866 526 2927 est3
542 2878 667 2932 quaeque
685 2870 795 2914 exstant
805 2862 936 2915 Hecataei
952 2864 1114 2929 fragmenta,
1131 2879 1253 2929 magnam

111 2945 266 2998 ostendunt
290 2945 436 3015 utriusque
462 2947 596 2999 sermonis
617 2946 850 2999 similitudinem.“
886 2947 1032 2999 Sublicium
1055 2947 1097 2998 uis
1120 2947 1253 3000 Creuzeri

110 3030 240 3083 verbain
256 3030 390 3097 Fragmm.
410 3029 549 3083 historice.
569 3050 596 3100 p.
621 3034 669 3084 182
697 3033 825 3097 „Etenim
848 3032 1015 3084 Eustathius
1036 3032 1070 3083 ad
1094 3032 1202 3085 Homer.
1219 3032 1251 3086 ll.

108 3117 132 3167 l.
160 3135 190 3185 p.
210 3119 226 3166 Ἰ
250 3114 333 3166 Basil.
356 3123 383 3168 et
402 3113 456 3167 alia
478 3116 601 3184 disputat
622 3124 650 3169 et
672 3115 740 3168 illud
759 3117 848 3169 addit:
872 3120 1036 3171 Herodotum
1055 3119 1205 3187 Pherecydis
1225 3124 1254 3170 et

107 3200 241 3254 Hecataei
266 3200 294 3251 iu
326 3200 460 3252 orationis
485 3218 587 3267 genere
618 3201 728 3254 similem
755 3220 827 3255 esse.
872 3203 954 3265 Quod
981 3203 1021 3254 uti
1053 3220 1106 3253 non
1127 3203 1253 3272 praecise

108 3284 284 3353 negaverim,
309 3285 347 3336 ita
371 3284 462 3337 nullus
484 3285 594 3351 dubito,
622 3287 646 3338 si
661 3288 789 3340 Hecataei
814 3287 922 3356 quidam
940 3287 1010 3339 liber
1024 3288 1134 3353 integer
1153 3294 1252 3355 exstet,

108 3370 230 3439 plurima
246 3379 381 3438 repertum
396 3370 439 3434 iri,
456 3372 528 3422 trude
544 3373 657 3438 patefiat
674 3369 827 3439 elegantior
841 3372 948 3440 quidam
964 3370 1070 3437 cultus,
1093 3389 1170 3439 quem
1189 3390 1252 3441 pro-

108 3455 187 3507 saica
202 3455 298 3506 louum
314 3454 401 3507 oratio
415 3456 544 3508 Herodoti
557 3455 672 3508 artificio
687 3456 816 3510 debeat.“
849 3457 929 3519 Quae
953 3464 984 3508 ut
1005 3473 1070 3507 vera
1093 3455 1121 3507 in
1140 3457 1252 3509 univer-

107 3721 280 3772 l'introduct.
297 3722 321 3782 5.
340 3720 364 3770 i.
383 3737 445 3786 pag.
463 3721 514 3771 479
531 3738 606 3786 seqq.
625 3719 676 3771 499
688 3737 764 3786 seqq
783 3721 833 3771 Iul.
847 3722 888 3772 il.
903 3721 1042 3771 Lobeok'
1035 3737 1063 3770 ru
1077 3722 1190 3783 Quaest
1209 3722 1251 3770 Io·

109 3792 185 3839 nico.
206 3788 268 3839 libr.
282 3789 352 3839 fasc.
366 3790 387 3838 1.
409 3787 590 3855 (Rogimontu
603 3790 694 3839 Prusa
708 3788 784 3851 1850)
802 3806 865 3856 pag.
881 3789 980 3853 lseqq.
1000 3795 1028 3839 et
1039 3790 1230 3854 potissimum
1223 3807 1251 3839 m

109 3855 220 3907 Philolo
262 3858 337 3906 Vlll.
351 3873 428 3935 pag.-
423 3857 461 3906 14
473 3873 571 3936 seq

179 3920 205 3979 *l
222 3872 303 3975 lv
267 3938 320 3974 oua
331 3940 366 3990 τῃ
354 3917 467 3989 Σάμῳ
479 3917 571 3974 καὶ
540 3941 593 3989 την
603 3914 682 3975 'laida
695 3915 812 3990 rq'oaq'liq
826 3916 984 3974 διάλεκτον.

178 3989 220 4049 *Ἴ
239 3992 319 4042 Coni.
335 3993 418 4043 otiam
430 3993 529 4042 Franz.
542 3992 689 4043 Elementt.
703 3992 854 4058 Epigraph.
867 4009 931 4072 pag.
947 3991 1002 4043 183.

179 4056 235 4122 m)
254 4059 419 4125 Viupaou,
433 4059 467 4110 30
479 4066 507 4110 et
519 4061 557 4110 ci
570 4059 827 4126 Hesych.1.p.4llti,
841 4061 887 4111 ubi
900 4057 1083 4125 αποφλασαι
1097 4054 1249 4126 ᾇογχασαι·

108 4125 176 4217 Καῆ
176 4142 223 4185 τες
236 4077 419 4192 καὶΣὲμιοι.
449 4128 573 4178 Fischer.
586 4127 745 4180 adWeller.
760 4129 781 4178 l.
794 4145 820 4193 p.
833 4129 874 4179 54.

152 4195 209 4256 †)
228 4194 471 4273 Herodot1‚l42
507 4197 560 4257 Qui
578 4195 654 4245 locus
672 4196 1137 4275 alaegeroallatussicsohabet:
1155 4195 1250 4278 111117]-

106 4279 156 4322 roc
169 4256 225 4327 μὲν
243 4253 339 4313 αὐταῖν
346 4257 485 4381 somrqa
469 4256 563 4313 κέεται
580 4256 661 4321 πόλις
678 4256 748 4327 πρὸς
765 4263 967 4342 μεσαμβρίην·
976 4257 1047 4343 propi
1061 4258 1249 4321 diMooaiccr

106 4327 162 4451 z}
171 4322 301 4464 ἔΙὲιιήνψ
319 4346 436 4396 αυταιμ
453 4347 470 4380 a
483 4322 514 4381 ἐν
526 4347 559 4397 τη
549 4329 667 4397 Καριη
679 4332 879 4398 κατοίκηνται
897 4347 970 4383 κατα
983 4331 1074 4383 ταῦτα
1087 4330 1150 4382 urat
1155 4323 1250 4398 εγόμε-
