2900 5122
424 325 685 387 CALLIOPE.
709 328 767 388 IX.
789 336 923 393 ’λλ-74.
1095 354 1098 361 ·
1180 334 1242 395 327

113 503 142 580 ’ἐς
158 502 218 586 γῆν
236 496 298 587 τὴν
312 493 461 586 Ἀττικὴν
479 495 544 568 mlv
561 502 705 586 στρατού
721 499 862 588 πλήθεϊ,
887 503 941 571 καὶ
965 496 1242 585 dodavenae-vods

113 599 248 689 δήμους,
279 596 343 670 οὐκ
370 598 494 681 εἰδότες
521 605 578 669 ἵνα
595 594 783 684 ὑπεξέκειτο
805 597 977 690 ἡἙλένη,
1005 601 1081 672 τότε
1108 606 1242 693 λέγουσι

111 700 180 782 τούς
198 705 374 789 Δεκελέας,
392 706 427 770 ol
443 703 480 770 δὲ
497 697 600 771 αὐτὸν
617 704 780 789 Δέκελον,
798 699 988 793 ἀχθόμενόν
1004 731 1040 774 τε
1057 709 1099 795 τῇ
1116 708 1242 795 Θησέος

110 800 198 891 ὕβρι,
223 805 280 872 καλ
303 809 515 892 δειμαίνοντα
532 806 608 893 περὶ
626 801 715 894 πίση
732 810 775 894 τη
789 801 978 893 Ἀθηναίων
995 803 1103 896 χώρη,
1128 811 1241 896 ἐξηγη-

109 902 326 994 σάμενόνσφι
343 902 380 974 τό
398 908 466 975 πᾶν
483 907 628 995 πρῆγμα,
647 903 897 995 κατηγήσασθαι
917 909 970 976 ἐπὶ
987 905 1045 988 τας
1060 903 1240 998 Ἀφίδνας,

108 1003 159 1088 τὰς
181 1003 222 1094 δὴ
253 1003 406 1089 Τιτακὸς,
432 1003 497 1077 ἐῶν
518 1002 711 1096 αὐτόχθων,
735 1014 976 1096 καταπροδιδοῖ
1002 1014 1240 1100 Τυνδαρίδῃσι.

107 1124 184 1177 τοῖσι
202 1108 241 1177 δὲ
259 1111 443 1178 Δεκελεύσι
462 1110 498 1176 έν
515 1105 655 1198 Σπάρτη
673 1105 737 1178 ιἰπό
759 1108 880 1179 τούτου
903 1113 963 1180 τοὺ
987 1117 1086 1199 ἔργον
1110 1107 1240 1201 ἀτελείη

108 1236 138 1278 τε
154 1212 207 1279 καὶ
224 1215 387 1298 προεδρίη
406 1212 564 1278 διατελέει
584 1213 616 1290 ές
638 1208 715 1280 τόδε
738 1213 804 1280 utel
828 1217 874 1280 έτι
899 1215 1017 1299 έοῦσα,
1041 1209 1130 1282 οὕτω
1155 1210 1240 1283 ὥστε

109 1313 157 1380 καλ
174 1314 206 1392 ές
223 1308 284 1381 τδν
300 1309 446 1399 πόλεμον
468 1308 527 1380 τδν
550 1308 692 1401 ὕστερον
714 1320 863 1383 πολλοῖσι
888 1320 973 1383 ἔτεσι
995 1311 1124 1384 τούτων
1146 1313 1238 1402 γενό-

69 1434 205 1500 mprobe
228 1409 449 1500 Ἀθηναίοισί
472 1439 507 1481 τε
532 1415 588 1482 καὶ
614 1421 930 1502 Πελοποννησίοισι,
963 1418 1148 1505 σινομένων
1178 1413 1240 1505 τὴν

106 1509 201 1602 ἄλλην
215 1510 376 1602 Ἀττικὴν
394 1520 685 1603 Λακεδαιμονίων,
704 1524 883 1604 Δεκελείης
900 1512 1114 1606 ἀποσχέσθαι.
1157 1517 1237 1588 Tov'-
1245 1531 1285 1590 74

106 1713 401 1779 'lheseoscilraptam
415 1710 544 1779 puellam,
564 1719 642 1764 unte·
694 1714 821 1779 prolecto
842 1704 1003 1779 ἀπέχεσθαι
1028 1709 1180 1781 Δεκελέης,
1206 1717 1238 1767 eb

106 1797 178 1899 quem
188 1781 320 1833 Menelao
337 1781 463 1832 nuberet.
487 1781 573 1832 Plura
589 1780 642 1832 hac
694 1798 727 1832 ea
743 1782 883 1841 abstinere,
909 1781 983 1832 aliud
1001 1787 1164 1847 occupatam
1181 1799 1238 1833 mu-

121 1866 135 1899 e
149 1865 177 1899 re
193 1849 274 1899 dabit
290 1847 431 1901 Plutarch.
443 1849 498 1898 Vit.
512 1849 596 1900 Thes.
610 1848 643 1899 32
694 1850 824 1899 nimentis
840 1855 867 1899 et
877 1849 1016 1915 praesidio
1033 1850 1167 1899 instruere
1181 1851 1238 1900 bel-

106 1913 137 1975 (ε.
148 1916 177 1967 31
191 1916 287 1985 ibique
300 1916 433 1981 Lcopold.
448 1931 474 1981 p.
488 1915 549 1982 78),
568 1917 642 1967 conf.
693 1917 775 1982 loque
788 1918 880 1967 sedem
893 1916 995 1982 legere.
1023 1917 1180 1983 contigisse
1193 1934 1237 1969 res

105 1984 215 2035 Pausen.
233 1985 271 2034 11.
294 1984 336 2036 22.
358 1985 382 2045 ἃ.
402 1984 427 2045 7,
451 1985 589 2034 Meursius
607 1985 640 2034 ed
693 1985 814 2039 videtur,
840 2000 910 2050 quae
929 1990 957 2035 et
973 1985 1115 2035 Bouhierii
1133 1986 1235 2050 opinio,

105 2053 269 2117 Lycophron.
284 2051 342 2113 147,
355 2051 489 2103 Meririac
503 2052 537 2101 ad
548 2050 642 2103 Ovidii
693 2052 760 2102 belli
783 2053 1028 2119 Peloponnesiaci,
1055 2053 1164 2117 quando
1187 2055 1237 2102 Ar-

105 2120 226 2171 llereidd.
241 2118 331 2182 (VlIl,
346 2117 401 2185 71).
421 2121 443 2170 Ι.
456 2137 483 2185 p.
496 2117 557 2169 ⁶266.
694 2120 836 2171 chidamue
848 2121 968 2170 Atticam
981 2121 1184 2171 incursionibus
1197 2122 1237 2170 in·

133 2185 179 2237 aul
195 2180 372 2251 delaturae]
393 2188 412 2236 i.
432 2202 455 2237 e.
477 2191 640 2250 expulerrmt,

104 2269 143 2304 mo
154 2259 207 2305 loro
218 2262 350 2307 moverunt
362 2269 384 2304 s.
400 2256 492 2305 cedere
504 2259 641 2306 terruerunt.

105 2321 176 2373 Geni.
188 2324 222 2385 V,
232 2322 275 2380 71,
294 2338 329 2372 ne
342 2323 435 2387 plure3
453 2316 520 2380 τοὺς
533 2314 642 2389 δήμους

105 2389 195 2440 Noster
216 2390 289 2440 dixit
319 2405 406 2454 ecque
431 2396 514 2454 atquo
538 2392 573 2447 V,
598 2389 640 2441 61).

105 2457 178 2508 lland
193 2458 300 2509 mutavi
317 2449 509 2518 decretusne.
535 2473 552 2508 a
564 2458 640 2507 Diet-

695 2188 795 2237 sestam
813 2188 922 2249 habuit,
952 2189 1089 2253 principio
1110 2187 1207 2253 {Olym
1229 2227 1235 2239 .

694 2256 861 2317 LXXXVIl,
886 2257 902 2303 2
926 2271 947 2304 a.
971 2254 1019 2304 431
1046 2272 1070 2305 a.
1097 2256 1159 2306 Chr.
1181 2206 1235 2322 nl:

693 2320 846 2386 Thucydid.
860 2321 966 2384 ll,10.“
986 2325 1175 2386 Weereliup.
1200 2325 1237 2373 Et

693 2391 818 2455 sequitur
840 2389 1054 2453 chselingium
1080 2391 1237 2440 Larcherus

693 2458 813 2522 itemque
832 2457 950 2507 Schoell.
969 2457 1020 2520 (cf.
1035 2456 1171 2522 Philolog.
1187 2459 1234 2508 lx.

105 2524 174 2575 achia
185 2529 320 2575 mutatum
333 2526 362 2574 in
374 2517 570 2604 δπεξεκέετο,
583 2525 638 2574 vid.

105 2598 163 2643 nott
177 2592 211 2643 ad
223 2593 301 2650 VIII,
313 2591 360 2653 41,
378 2593 412 2642 ad
430 2592 543 2642 verbum
555 2607 640 2643 υπεκ-

104 2659 212 2711 nielles
229 2661 286 2712 vid.
305 2661 386 2721 Vlll,
404 2658 447 2711 ou.
469 2662 493 2721 §-
511 2660 639 2725 ‘tibique

106 2734 178 2789 κοιλ,
188 2728 223 2779 ad
233 2728 348 2778 verbum
356 2724 639 2793 κατηγήσασθαικὶδ.

105 2800 164 2846 nott.
177 2797 212 2846 arl
223 2796 288 2857 Vll,
302 2795 359 2845 215.
384 2797 427 2845 Ile
441 2797 567 2859 Aphidna
583 2795 639 2845 vid.

105 2868 164 2912 nott.
177 2864 210 2913 ed
224 2865 303 2923 Vlll,
319 2863 381 2924 1253
400 2863 433 2912 dc
450 2864 539 2912 Titeco
552 2863 641 2913 citant

105 2929 260 2996 Harpocrat.
280 2946 302 2979 s.
315 2946 342 2981 v.
356 2930 429 2980 Suid.
447 2946 469 2982 e.
483 2946 509 2979 v.
525 2928 641 2980 Τιτακί-

107 2994 208 3048 δαιΙΠ.
225 3015 254 3064 p.
268 2997 328 3047 479.
352 2997 469 3061 lltymol.
487 2999 523 3048 M.
542 3015 568 3064 p.
582 2996 640 3047 7110.

106 3064 145 3114 Ste
165 3066 189 3118 b.
201 3067 270 3129 Bya.
283 3082 311 3130 p.
324 3065 371 3114 711
386 3081 407 3115 s.
420 3081 445 3115 v.
461 3063 622 3115 Τιτακίδαι.

148 3148 164 3181 ν
178 3125 300 3197 Σπάρτῃ
322 3122 380 3182 α’πό
399 3126 501 3182 τούτου
523 3131 574 3183 τοῦ
597 3127 640 3193 έρ-

106 3198 160 3264 rac]
182 3202 225 3250 lta
245 3200 427 3250 Florentinus
452 3207 481 3250 et
501 3200 640 3251 Sauerofti

106 3265 168 3316 liber
180 3284 239 3318 cum
258 3268 333 3328 aliis.
358 3267 446 3333 Vulgo
463 3258 521 3317 α’πό
538 3261 641 3318 τούτου

106 3331 150 3385 τοῦ
161 3328 244 3400 ἔργον
258 3327 290 3387 έν
300 3328 433 3400 Σπάρτη,
452 3351 567 3400 eumque
580 3350 639 3385 ver-

106 3400 190 3453 borum
207 3404 332 3459 ordinem
349 3404 521 3453 retinuerunt
537 3403 639 3453 Sohae-

108 3469 173 3521 lerus
184 3477 213 3521 ct
224 3470 371 3521 Matthiae.
384 3496 420 3506 -
430 3470 472 3521 Ad
484 3486 560 3535 seqq.
573 3461 638 3521 rire:

106 3535 145 3586 λεί
171 3553 207 3589 πε
223 3533 274 3588 καλ
289 3535 430 3601 προεδρίη
448 3538 502 3588 vid.
520 3543 590 3589 nott.
605 3537 639 3586 ad

107 3604 129 3663 1,
175 3643 181 3656 .
215 3607 279 3656 Mox
296 3606 428 3663 revocavi
445 3599 602 3670 σινομένων
623 3622 640 3655 a

107 3671 360 3739 Schweighaeusero
390 3679 523 3724 mutatum
547 3674 576 3722 in
600 3687 639 3722 σι-

108 3734 352 3806 reope'emo„quod
364 3740 504 3791 Sancroiti
514 3740 587 3790 liber
600 3738 640 3790 af-

108 3806 218 3871 lerebat3
236 3809 284 3859 sed
297 3808 353 3858 vid.
366 3808 414 3871 1x,
424 3807 455 3859 13
467 3809 559 3873 ibique
572 3812 639 3859 nott.

136 3873 283 3940 Δεκελείης
295 3865 487 3940 ἆποσγὲσθαι]
508 3876 639 3936 „Referri

109 3941 172 3991 solet
184 3944 217 3993 ad
231 3958 331 3993 annum
345 3942 453 4008 Olymp.
467 3942 567 3999 11013
581 3941 641 4008 [413

109 4008 200 4061 aCbr.
221 4008 276 4077 n.],
303 4026 356 4075 quo
377 4011 457 4075 hgin,
481 4011 641 4060 Archidami

109 4072 188 4138 tilius,
213 4078 364 4129 Deceleam
388 4077 536 4144 occupavit
560 4083 589 4128 et
613 4080 641 4127 in

109 4145 243 4195 marimum
263 4145 473 4196 Atheniensium
495 4144 641 4195 detrimen·

111 4215 159 4259 tum
179 4213 273 4263 muniit
296 4213 368 4278 apud
385 4212 508 4276 Thucyd.
525 4213 591 4273 Vll,
612 4212 643 4262 19
693 4212 836 4277 rodotique

692 2542 717 2591 p.
735 2524 809 2588 199),
829 2527 875 2574 cui
886 2525 940 2575 hoc
953 2540 1019 2574 sane
1033 2523 1116 2573 multo
1126 2525 1237 2575 videtur

692 2592 876 2657 probabilius:
887 2607 974 2657 nequo
987 2591 1235 2642 alitcrstatuuntC.

692 2661 724 2710 Ο.
731 2659 849 2709 Mueller
859 2660 968 2721 (Kleine
979 2659 1118 2709 Deutscbe
1125 2660 1235 2710 Schrilt.

691 2729 782 2793 l.pag.
791 2725 837 2791 35)
852 2733 881 2777 et
894 2728 1014 2777 Rubinor
1028 2727 1070 2776 De
1083 2732 1168 2777 morte
1180 2728 1235 2777 Hc-

692 2795 780 2845 rodoti
792 2811 854 2860 pag.
868 2794 894 2859 6,
916 2794 1037 2845 Ullrich:
1056 2795 1235 2859 dasMegari-

692 2863 758 2913 sche
771 2863 933 2928 Psepbisma
945 2879 971 2927 p.
982 2862 1021 2912 12.
1033 2868 1089 2911 not.
1100 2862 1142 2912 23.
1164 2862 1235 2912 Con·

692 2931 807 2980 trariam
829 2931 994 2980 sententium
1016 2934 1127 2979 tuentur
1148 2929 1233 2979 Dahl-

692 3013 785 3048 maun.
804 2999 830 3047 in
847 2998 949 3048 llerod.
968 3013 1033 3062 pag.
1046 2997 1079 3048 43
1097 3002 1125 3046 et
1141 2997 1234 3061 Heyse

692 3064 806 3127 Quaest.
818 3066 884 3116 Her.
897 3083 923 3131 p.
936 3063 981 3127 76,
1001 3072 1056 3114 tum
1069 3080 1135 3115 vero
1147 3065 1234 3115 Hero-

692 3133 783 3182 dotum
813 3148 906 3183 senem
935 3133 1053 3182 maxime
1084 3141 1233 3197 provectae

693 3201 794 3249 aetatis
806 3200 917 3250 Thuriis
934 3200 1004 3249 haec
1023 3201 1168 3264 scripsisse
1187 3216 1233 3266 po-

691 3268 809 3317 nendum
824 3273 874 3317 est.
899 3268 1032 3331 Equidem
1045 3273 1073 3316 et
1086 3268 1144 3331 ipse
1156 3267 1234 3317 Wes-

691 3335 837 3400 eelingium
850 3336 927 3399 sequi
945 3334 1037 3383 malim
1051 3339 1133 3398 atque
1147 3335 1233 3385 Horo·

691 3403 748 3453 doti
768 3403 853 3451 verba
874 3402 909 3451 ad
930 3418 991 3451 eam
1008 3401 1120 3450 Atticae
1142 3408 1233 3452 terrae
1295 3459 1299 3465 Ι

690 3470 873 3520 vastationem
887 3469 1000 3530 referre,
1020 3484 1089 3532 quae
1103 3468 1170 3518 belli
1182 3470 1232 3519 Pe·

690 3536 881 3602 loponnesiaci
910 3538 990 3586 initio
1014 3536 1130 3586 accidit:
1161 3552 1232 3587 anno

691 3606 763 3654 euim
785 3604 835 3655 413
850 3610 914 3655 aute
934 3603 997 3653 Chr.
1019 3619 1046 3652 n.
1066 3605 1232 3654 Herodotum

691 3688 746 3722 non
775 3672 892 3737 amplius
918 3672 1021 3721 vixisse
1046 3672 1075 3721 iu
1101 3677 1169 3721 nott.
1200 3672 1234 3720 ael

691 3740 751 3800 Vll,
771 3739 821 3789 170
837 3741 988 3789 monuimus
1004 3737 1081 3802 (coll.
1101 3739 1135 3788 ad
1152 3739 1182 3800 V,
1202 3738 1234 3787 711

693 3814 721 3858 et
733 3808 780 3871 Vl,
794 3806 855 3871 118),
873 3808 969 3872 primis
981 3806 1062 3856 huius
1076 3806 1142 3856 belli
1155 3805 1234 3855 aunis

691 3875 767 3924 illum
796 3875 869 3924 inter
895 3875 972 3925 vivos
1000 3874 1086 3925 fuisse
1114 3873 1233 3938 bellique

691 3944 766 3992 mala
784 3944 963 4007 cognovisse,
987 3941 1097 3992 dubium
1112 3956 1165 3990 non
1184 3946 1232 3991 cst.

692 4011 724 4059 In
737 4009 861 4060 clausula
874 4010 1037 4069 adscribam,
1052 4025 1122 4073 quae
1135 4008 1169 4057 de
1181 4007 1233 4058 hoc

692 4078 753 4128 loco
777 4079 912 4127 iudicavit
935 4078 1082 4135 Fuetterer
1105 4078 1133 4126 iu
1155 4074 1232 4124 Com-

694 4150 776 4195 ment.
794 4147 837 4195 De
854 4145 978 4261 plurimis
992 4143 1161 4208 Thucydidis
1177 4143 1232 4191 He-

871 4213 929 4263 ocis
947 4217 999 4261 etc.
1024 4227 1086 4277 pag.
1105 4210 1151 4259 24:
1179 4209 1233 4270 „si

110 4290 158 4327 uon
165 4281 221 4331 sine
232 4282 349 4346 quadam
357 4281 551 4347 imprudentia.
561 4278 643 4330 Aliud
693 4280 817 4331 Decelca
841 4296 857 4329 a
874 4280 1074 4345 direptionibus
1092 4277 1233 4327 Lacedae-
