2984 5154
459 386 664 445 URANIA.
689 388 778 447 VIII.
802 396 935 451 29-31.
1228 397 1264 455 41

142 548 250 642 οὐδὲν,
273 550 318 636 ὣς
341 554 405 644 ἐγώ
428 555 698 647 συμβαλλόμενος
718 553 879 647 εὑρίσκω,
904 557 986 630 κατὰ
1006 562 1043 630 δὲ
1060 560 1096 632 εδ
1117 569 1215 652 ἔχθος
1232 561 1268 633 τό

143 661 327 727 Θεσσαλῶν·
363 665 394 728 ελ
411 659 449 728 δὲ
467 661 630 729 Θεσσαλοὶ
647 655 868 749 τδἙλλήνων
891 651 1014 751 αὔξον,
1050 659 1095 745 εδς
1119 667 1190 754 ἐμοὶ
1215 671 1267 735 δο-
1374 676 1378 683 ’

140 760 236 847 νέειν,
257 758 409 849 ἐμήδιζον
426 754 469 830 ἂν
486 766 522 830 ol
537 764 677 843 Φωκέες.
708 769 812 833 ταῦτα
831 766 1125 855 ἐπαγγελλομένων
1143 777 1268 836 Θεσσα-

139 866 201 929 λῶν
221 857 298 930 οὔτε
327 860 449 934 δοόσειν
472 869 602 952 ἔφασαν
627 863 790 954 χρήματα,
820 869 977 955 παρέχειν
999 869 1037 936 τέ
1057 889 1118 955 σφι
1143 878 1268 938 Θεσσα-

138 972 216 1031 λοῖσι
233 957 353 1052 ὁμοίως
375 970 542 1054 μηδίζειν,
568 972 600 1036 εί
615 963 722 1048 ἄλλως
741 974 933 1055 βουλοίμεθ’
956 965 1031 1038 ἀλλ’
1050 965 1113 1039 οὐκ
1131 976 1268 1042 ἔσεσθαι

139 1061 260 1144 ἑκόντες
278 1064 364 1135 εἶναι
388 1065 547 1155 προδόται
564 1071 623 1157 τῆς
642 1063 806 1150 Ἑλλάδος.
856 1065 988 1159 Ἐπειδὴ
1008 1071 1044 1140 δὲ
1067 1067 1312 1162 ἄνηνείχθη31

137 1187 194 1236 σαν
216 1156 307 1237 οὗτοι
330 1173 366 1239 ol
385 1165 495 1257 λόγοι,
518 1167 607 1240 οὕτω
631 1166 673 1259 δὴ
692 1176 727 1241 οἱ
743 1174 923 1258 Θεσσαλοὶ,
947 1176 1165 1263 κεχολωμένοι
1183 1191 1268 1245 τοῖσι

138 1276 300 1358 Φωκεῦσι,
326 1273 479 1359 ἐγένοντο
503 1266 662 1361 ἡγεμόνες
684 1280 731 1367 τῷ
754 1271 914 1368 βαρβάρῳ
937 1278 994 1363 τῆς
1017 1270 1110 1345 ὁδοῦ.
1153 1280 1189 1346 ἐκ
1206 1277 1269 1366 μὲν

135 1419 228 1495 αὔξον,
247 1451 296 1501 pro
311 1437 388 1502 vulg.
408 1423 510 1501 ηὖξον,
532 1453 593 1488 cum
606 1454 672 1504 aug·
724 1439 780 1489 rod.
798 1439 911 1491 inscrib.
927 1443 979 1490 etc.
996 1457 1061 1507 pag.
1074 1441 1118 1501 71,
1140 1458 1201 1495 cum
1212 1443 1268 1493 He·

133 1507 243 1553 mentum
257 1505 334 1555 absit
350 1506 386 1555 ab
399 1505 451 1555 hoc
462 1507 560 1569 verbo,
579 1512 609 1556 ut
625 1507 671 1558 do·
723 1506 834 1557 rodotus
852 1508 1008 1573 opinionem
1026 1524 1102 1559 suam
1126 1525 1181 1560 non
1198 1512 1267 1561 setis

134 1572 184 1620 cnit
198 1571 315 1627 Bredov.
333 1589 400 1639 pag.
418 1571 483 1637 316,
506 1590 558 1639 quo
576 1574 671 1625 eodem
724 1577 892 1640 argumentis
914 1577 1080 1627 necessariis
1103 1578 1268 1628 stabilierit:

134 1644 236 1689 auctore
248 1657 314 1707 pag.
328 1640 381 1692 296
398 1656 429 1691 su
449 1657 480 1691 ra
492 1642 555 1692 dedi
575 1633 670 1708 ἔπηγ-
723 1659 886 1708 quamqnam
903 1645 931 1693 in
948 1644 1028 1694 huius
1045 1646 1132 1711 ipsius
1148 1647 1267 1696 auctori·

132 1700 255 1770 γε’λλοντο
287 1725 319 1760 ro
332 1709 408 1775 vulg.
423 1658 645 1776 διαγγέλλοντο.
722 1716 780 1760 tate
791 1711 1021 1776 acquiescentium
1034 1728 1096 1762 esse
1107 1718 1135 1762 ot
1144 1715 1202 1779 ipse
1213 1720 1267 1764 sta-

160 1767 229 1825 ιατᾶ
248 1726 285 1828 dg
299 1770 334 1828 τὸ
354 1771 442 1842 ἔχθος
459 1771 490 1829 τό
510 1775 669 1844 Θεσσαλῶν]
721 1778 783 1827 tuit.
802 1779 891 1845 Atque
904 1780 933 1828 in
945 1779 999 1829 hac
1009 1781 1087 1830 nobis
1100 1796 1208 1846 quoque
1222 1797 1266 1831 ac-

130 1842 146 1890 i
159 1860 180 1893 e.
196 1848 264 1895 nulla
279 1850 336 1896 alia
357 1848 390 1896 de
406 1863 496 1903 caure,
518 1863 591 1913 quum
612 1851 671 1913 quia
723 1845 918 1911 quiescendum
931 1847 1052 1906 videtur,
1071 1862 1131 1898 curn
1145 1849 1266 1898 Herodo-

130 1913 230 1962 oderunt
256 1914 407 1974 Thessalos,
432 1920 462 1964 ut
485 1915 554 1965 bene
579 1915 671 1965 reddit
721 1918 793 1975 tum,
814 1929 892 1980 quem
909 1915 938 1965 in
955 1915 1092 1977 omnibus,
1118 1931 1188 1981 quae
1205 1932 1268 1982 per-

130 1978 290 2032 Valclrenar.
327 1982 399 2032 Nam
411 1976 443 2032 τὸ
456 1977 544 2048 ἔχθος
556 1975 587 2033 τὸ
601 1980 670 2034 Θεο-
721 1983 848 2048 scripsit,
866 1984 926 2034 veri
938 1983 1167 2034 studiosissimum
1180 1985 1267 2035 fuisse

130 2047 214 2098 reida
229 2050 323 2100 odium
346 2050 428 2107 dicit,
452 2067 503 2117 quo
520 2051 670 2102 Thessalos
722 2057 843 2111 constat,
868 2057 913 2101 sat
929 2053 1044 2102 idonens
1062 2052 1184 2105 rationes
1202 2068 1267 2103 cau·

25 2140 26 2155 α
129 2132 200 2179 prose
220 2119 363 2168 rebantur
379 2118 551 2179 Phocenses,
574 2126 604 2170 ut
620 2120 668 2175 IX,
721 2133 822 2183 sasque
839 2119 969 2170 habuisse
988 2121 1188 2183 existimemus,
1208 2122 1266 2186 qui·

129 2134 295 2251 ddrd‘Ipdor
308 2179 588 2253 τόΛααεδοαμονίων
601 2182 670 2237 etrd
721 2186 772 2236 bus
796 2192 946 2238 commotus
967 2188 1039 2238 hanc
1061 2188 1095 2237 de
1118 2189 1267 2240 Phocensi-

130 2242 155 2310 λς
164 2252 416 2317 Λακεδαιμονίους
429 2257 481 2319 ix,
498 2255 545 2317 37,
564 2255 613 2306 ubi
632 2256 670 2305 ci·
721 2255 772 2304 bus
785 2256 951 2305 sententiam
964 2257 1104 2321 professus
1117 2263 1166 2307 est.
1184 2257 1266 2307 Coni.

24 2322 25 2339 ¹
127 2324 182 2369 tant
193 2322 274 2373 Diod.
287 2322 375 2373 Sicul.
386 2324 472 2386 XVII,
483 2323 516 2373 24
527 2317 581 2389 τὴν
593 2314 671 2386 edro-
722 2322 889 2372 Dahlmann.
903 2324 1035 2375 Herodot.
1049 2341 1075 2389 p.
1091 2323 1147 2376 163.

128 2387 219 2451 perlae
235 2390 288 2457 τῆς
306 2385 458 2455 γυναικὸς.
475 2392 671 2443 δεπεοοῖεπλίοπι

128 2472 184 2520 erpo
194 2462 333 2509 mitiorem.
353 2459 421 2509 Add.
435 2461 536 2510 Herod.
548 2461 599 2522 III,
613 2459 668 2509 136.

128 2524 207 2601 Supra
216 2528 295 2589 VIII,
305 2527 342 2576 22
354 2528 454 2577 Noster
465 2517 483 2593 ἡ
495 2522 586 2593 ἔχθρη
599 2520 670 2591 πρὸς

126 2607 170 2642 εον
180 2586 342 2659 βάρβαρον.
373 2595 518 2647 Simillima
534 2596 668 2660 eThucy·

756 2412 821 2473 οὔτε
835 2419 937 2475 δώσειν
949 2451 981 2459 κ
994 2419 1130 2489 παρέχειν
1142 2424 1181 2491 τε]
1200 2426 1266 2477 Scil.

722 2485 752 2542 οἱ
767 2486 885 2549 Φωκέες.
922 2493 964 2540 Ι)ο
985 2484 1050 2541 οὔτε
1063 2518 1095 2528 -
1107 2508 1137 2543 τε
1155 2494 1209 2543 vid.
1227 2493 1266 2542 al-

721 2559 781 2609 lata
797 2559 831 2609 ad
842 2560 893 2617 VI,
909 2559 931 2607 1.
947 2585 981 2594 -
996 2559 1116 2609 Verbum
1131 2555 1267 2626 παρέχειν

127 2660 282 2724 mmm.
302 2662 672 2726 1v.1·V11.·‘›700¹¹·P0r1·
721 2620 1266 2757 ii‘tlltllliultltllihl‘l·

127 2745 180 2779 zon.
198 2731 232 2781 ad
245 2730 361 2781 Aelian.
374 2732 406 2783 V.
417 2732 452 2781 Η.
465 2733 506 2794 11,
519 2732 553 2781 25
566 2737 595 2781 et
607 2731 670 2793 XII,

127 2796 155 2847 53
168 2799 286 2864 protulit
305 2798 441 2849 Valcken.
462 2799 495 2850 de
507 2800 617 2849 Latinis
633 2799 670 2848 ci-

128 2870 182 2917 tans
193 2869 215 2918 1.
225 2869 272 2918 Fr.
287 2866 409 2917 Gronov.
423 2867 457 2917 ad
469 2868 530 2919 Liv.
543 2866 671 2929 xxx1v,
903 2881 969 2933 (yffi
988 2882 1086 2933 xm,

127 2932 167 2993 26,
183 2935 215 2985 de
234 2935 339 3001 quihus
356 2935 520 3000 wesseling.
539 2935 670 2986 laudave-

128 3008 166 3050 rat
174 3003 248 3053 Cori.
259 3003 302 3054 ad
310 3002 421 3054 Sallust.
434 3005 593 3069 fragmentt.
605 3018 669 3069 pag.
755 2994 894 3067 ἡγεμόνες
911 2999 950 3067 τῷ
967 2995 1102 3067 βαρβάρῳ
1117 3000 1167 3067 τῆς
1180 2996 1263 3069 ὁδοῦ]

126 3068 179 3121 336.
213 3072 251 3123 Ut
269 3071 309 3122 ad
321 3071 455 3122 Herodoti
473 3071 564 3121 locum
577 3087 667 3121 rever·
721 3068 764 3118 De
777 3068 917 3121 locutione
936 3071 972 3119 ci.
985 3074 1053 3121 nott.
1068 3070 1102 3119 ad
1114 3071 1146 3132 V,
1163 3069 1201 3120 14.
1222 3071 1266 3120 De

127 3142 179 3199 tar,
196 3132 270 3190 κατὰ
286 3140 333 3189 hio
345 3139 423 3189 valet
434 3140 477 3197 ob,
495 3147 618 3204 propter,
640 3143 670 3189 ut
725 3137 860 3188 Trachinia
878 3143 951 3188 terra
970 3138 1042 3188 coni.
1060 3138 1127 3197 VII,
1150 3137 1197 3188 139
1214 3138 1266 3189 ibi·

128 3204 173 3269 lI,
185 3207 226 3258 51.
240 3209 277 3266 11,
293 3208 334 3257 44.
348 3208 407 3269 VH,
425 3206 480 3258 136.
493 3209 540 3269 lx,
559 3208 596 3257 15.
612 3205 669 3257 109.
721 3221 774 3269 qne
787 3210 855 3255 nott.
892 3207 923 3255 In
941 3221 1016 3270 seqq.
1029 3198 1143 3256 ποδεών
1161 3211 1204 3255 est
1221 3222 1266 3256 ex·

129 3274 156 3324 In
172 3275 300 3327 clausula
318 3275 416 3325 addam
430 3276 670 3326 Pseudo-Plutar-
720 3278 809 3323 trema
832 3290 897 3339 pars
920 3274 1040 3338 regionis
1066 3275 1093 3323 in
1120 3279 1266 3337 angustam

128 3342 168 3392 chi
179 3342 267 3395 locum
283 3343 330 3403 (11.
343 3361 369 3407 p.
381 3342 432 3393 868
442 3343 497 3405 (1.),
513 3345 559 3408 qui
571 3344 669 3409 proha·
719 3341 806 3391 veluti
825 3341 957 3392 laciniam
970 3356 1131 3404 excurrens,
1151 3341 1266 3391 docente

128 3409 204 3461 bilem
220 3413 358 3463 Herodoti
377 3413 579 3471 coniecturam,
599 3427 669 3476 quae
721 3408 875 3474 Schweigh.
896 3410 924 3458 in
940 3409 1008 3459 Lex.
1027 3409 1161 3459 Herodot.
1179 3411 1216 3459 II.
1239 3426 1265 3475 p.

128 3479 201 3529 aimnl
213 3483 305 3530 virum
317 3480 409 3546 prodit
423 3496 439 3529 o
448 3481 566 3545 partium
578 3481 669 3531 studio
719 3476 778 3526 215.
814 3478 940 3543 Longius
953 3475 1101 3527 vernacule
1117 3477 1264 3542 expressit:

130 3545 242 3598 alienum
263 3563 385 3612 veroque
409 3547 566 3613 indagando
587 3549 669 3598 unice
720 3546 1000 3595 einsclmalerStrich.
1021 3544 1100 3595 Coni.
1115 3546 1200 3595 etiam
1209 3545 1266 3595 He·

128 3613 472 3677 intentum,malerolentii
482 3621 607 3666 evertere
618 3616 673 3665 iru-
721 3612 778 3662 rod.
792 3614 832 3673 ll,
848 3612 905 3663 121.
923 3613 975 3674 §.4
994 3618 1021 3662 et
1038 3629 1109 3678 qnae
1128 3613 1185 3662 alia
1199 3612 1266 3662 affe-

129 3686 181 3733 stra
196 3685 309 3745 nititur,
332 3689 362 3734 ut
378 3684 485 3734 iudicat
501 3683 669 3734 Valckenar.
721 3685 817 3731 ruutur
827 3682 854 3731 in
866 3681 1089 3745 ThesaurLing.
1099 3681 1265 3731 GraccVol.

129 3749 220 3817 Carpit
248 3753 322 3803 enim
345 3751 525 3815 Plutarchus,
556 3751 669 3818 popula·
721 3749 769 3797 VI.
782 3765 846 3815 pag.
859 3746 925 3799 1276
937 3748 978 3798 ed.
990 3748 1116 3798 Dindorf.
1140 3749 1182 3798 Ad
1193 3749 1265 3800 hunc

129 3819 191 3869 riom
220 3836 331 3871 suornm
359 3824 454 3886 partes
483 3826 667 3884 suscepturus,
721 3832 787 3867 vero
805 3814 951 3878 ποδεῶνα,
977 3818 1052 3866 intra
1069 3817 1217 3867 Phocidem
1239 3822 1268 3867 et

129 3886 294 3939 Herodotum
319 3888 377 3939 solo
394 3889 423 3937 in
439 3887 589 3938 Thessalos
606 3888 669 3938 odio
720 3884 896 3936 Maliensium
908 3891 1010 3935 terram
1019 3890 1183 3950 protensum,
1195 3884 1265 3935 (1.0.

129 3953 221 4006 ductos
231 3972 249 4006 a
258 3956 352 4007 Persis
362 3971 414 4006 uon
424 3957 535 4006 stetisse
546 3955 670 4006 Phocen-
720 3953 838 4003 Mueller
856 3953 1018 4003 Orchomen.
1036 3968 1100 4018 pag.
1113 3950 1164 4001 4118
1181 3953 1267 4003 refert

129 4036 170 4073 ses
192 4023 395 4085 declarantem,
427 4025 472 4089 qui
500 4024 592 4073 omnia
621 4040 670 4089 pro
720 4020 1265 4086 urbeaLilaeam,CarphaeamucDryo·

130 4090 292 4142 Graecorum
312 4092 443 4143 libertate
469 4091 576 4152 egerint
597 4106 669 4142 sum·
720 4105 797 4155 pem,
820 4104 891 4156 quae
909 4089 1022 4139 Persico
1044 4088 1118 4138 hello
1133 4089 1265 4151 Doricae,

130 4173 223 4224 rosque
240 4160 314 4210 mala
330 4160 456 4226 perpessi
472 4159 535 4209 siut
570 4159 602 4209 In
617 4175 669 4224 qno
720 4156 862 4221 postmodo
880 4157 1063 4207 Phoceusium
1086 4162 1114 4206 et
1136 4173 1170 4206 ex
1186 4161 1265 4222 parte

130 4225 303 4278 Plutarchum
321 4243 376 4279 non
392 4243 501 4294 prorsus
514 4242 531 4277 a
542 4243 608 4278 vero
621 4229 668 4278 ab·
720 4226 868 4275 Locrorum
886 4224 984 4274 ditioni
1001 4224 1103 4274 fuerint
1119 4239 1264 4274 accensae.

132 4308 234 4346 errasse
248 4295 389 4346 existimat
399 4296 568 4360 Lahmeyer:
580 4297 623 4346 De
636 4294 668 4345 li·
720 4294 821 4343 Veram
840 4294 913 4343 enirn
931 4308 964 4342 ac
981 4294 1119 4358 propriam
1134 4291 1265 4341 Doridem

132 4359 194 4412 belli
207 4362 366 4415 Plutarchei
382 4364 427 4429 qui
440 4363 473 4414 de
486 4363 599 4430 malign.
612 4362 668 4414 He·
720 4360 851 4426 tetrapoli
869 4360 1004 4411 contineri
1022 4360 1110 4423 addit,
1131 4359 1166 4409 ad
1184 4374 1265 4424 quam
