2932 5124
223 377 286 440 230
662 368 928 429 HERODOTI

222 542 446 615 ἀντιώσεσθαι
482 546 514 623 ἐς
547 539 609 630 τὴν
635 549 799 629 Βοιωτίην
827 538 1078 632 προδεδώκατε,
1114 544 1301 632 περιείδετέ
1333 570 1370 610 τε

225 643 409 733 ἐσβαλόντα
427 647 459 725 ἐς
476 642 539 732 τὴν
553 638 702 731 Ἀττικὴν
719 639 778 712 τόν
796 641 975 731 βάρβαρον.
1009 638 1059 722 Ἐς
1084 646 1146 731 μέν
1167 671 1233 713 νυν
1249 641 1288 712 τό
1307 670 1369 712 πα-

224 745 301 837 ρεόν
322 743 494 835 Ἀδηναῖοι
517 741 600 835 ὑμῖν
622 752 793 834 μηνίουσι·
829 740 871 813 οὐ
895 741 958 832 yolo
984 742 1157 831 ἐποιήσατε
1177 746 1369 832 ἐπιτηδέως·

224 852 290 920 νῦν
309 849 347 918 δὲ
364 845 415 920 ότι
432 845 529 937 τάχος
546 843 703 936 στρατιὴν
721 842 788 935 ἅμα
812 840 893 934 ἡμῖν
918 848 1097 915 ἐκέλευσαν
1120 840 1223 934 ὑμέας
1248 849 1369 934 ἐκπέμ-

224 977 317 1039 πειν,
337 945 381 1030 ὥς
393 945 436 1020 ἂν
447 946 506 1020 τόν
517 946 689 1037 βάρβαρον
702 945 880 1037 δεκόμεθα
897 949 934 1017 ἐν
951 951 993 1036 τῇ
1007 943 1145 1036 Ἀττικῇ.
1172 945 1288 1035 ἐπειδὴ
1303 945 1370 1038 γὰρ

225 1048 415 1142 ἡμάρτομεν
431 1056 489 1140 τῆς
506 1057 686 1138 Βοιωτίης,
705 1053 763 1137 τὴς
781 1076 819 1137 γε
838 1044 999 1137 ἡμετέρης
1018 1046 1280 1136 ἐπιτηδειότατόν
1300 1052 1371 1118 ἐστι

199 1157 476 1244 8ἐμμαχέσασδαι
486 1150 523 1223 τό
536 1150 696 1241 Θριάσιον
709 1157 836 1221 πεδίον.
851 1146 907 1231 Ὡς
922 1151 959 1219 δέ
972 1147 1037 1238 ἄρα
1048 1147 1196 1237 ἥκουσαν
1207 1155 1242 1220 ολ
1251 1156 1372 1239 ἔφοροι

224 1259 340 1345 ταῦτα,
354 1251 578 1343 ἀνεβάλλοντο
593 1256 625 1334 ἐς
638 1251 700 1342 τὴν
711 1248 891 1341 ὑστεραίην
897 1247 1158 1341 ὑποκρίνασθαι,
1169 1254 1212 1341 τῇ
1225 1252 1262 1321 δέ
1271 1247 1371 1321 ὑστε-

225 1364 303 1446 ραίη
318 1359 349 1437 ἐς
359 1353 421 1445 τὴν
440 1358 564 1443 ἑτέρην.
595 1356 761 1425 τοῦτοκαὶ
774 1357 828 1423 ἐπὶ
841 1356 921 1423 δέκα
940 1349 1063 1443 ἡμέρας
1080 1356 1225 1440 ἐποίεον,
1244 1349 1372 1443 ἐξὴμί-

225 1486 285 1546 ρης
298 1460 331 1538 ἐς
344 1454 470 1549 ἡμέρην
480 1453 752 1547 ἀναβαλλόμενοι.
774 1459 810 1525 ἐν
823 1457 858 1525 δὲ
870 1453 978 1548 τούτῳ
989 1459 1037 1548 τῷ
1047 1452 1155 1548 χρόνῳ
1167 1451 1225 1525 τόν
1234 1450 1374 1546 Ἰσθμόν

226 1564 385 1649 ἐτείχεον,
404 1555 557 1648 σκονδὴν
574 1565 703 1648 ἔχοντες
720 1554 847 1644 κολλὴν
864 1555 985 1638 πάντες
1002 1554 1278 1645 Πελοποννήσιοι·
1315 1565 1377 1627 καί

225 1682 287 1750 σφι
304 1651 346 1748 ἡν
364 1658 446 1751 πρός
463 1664 559 1731 τέλεί.
578 1656 649 1729 otili
668 1665 731 1748 ἔχω
750 1658 839 1728 εἶπαι
856 1655 893 1728 τό
911 1668 1035 1747 αἴτιον,
1064 1655 1148 1727 διότι
1165 1654 1374 1748 όπικομένου

225 1762 287 1853 μέν
301 1759 520 1853 Ἀλεξόδδρον
537 1766 599 1832 τοῦ
615 1759 815 1841 Μακεδόνος
834 1763 865 1840 ἐς
880 1756 1024 1848 Ἀθήνας
1042 1757 1195 1849 σπονδὴν
1220 1758 1375 1849 μεγάλην

225 1963 250 2023 ξ.
266 1961 290 2025 1)
302 1966 431 2026 spectare
449 1961 518 2011 eutis
531 1966 655 2026 apparet.
692 1959 770 2021 Quod
827 1960 965 2009 Thriasius.
1001 1958 1107 2009 Similia
1125 1957 1159 2007 ad
1177 1957 1204 2007 h.
1224 1957 1241 2007 l.
1262 1960 1373 2009 excita·

226 2045 292 2079 vero
305 2028 376 2078 Gaii.
389 2030 429 2078 Le
442 2029 538 2093 philol.
549 2029 595 2078 lV.
608 2044 634 2093 p.
648 2027 699 2076 245
710 2026 737 2077 h.
751 2028 769 2077 l.
821 2029 863 2078 vit
875 2026 1044 2091 wesseling.
1060 2027 1183 2091 Appiani
1198 2027 1231 2075 B.
1247 2026 1308 2076 eiv.
1323 2028 1373 2089 IV,

226 2097 267 2146 ita
280 2097 488 2160 interpretatur:
509 2097 615 2145 Persam
627 2101 769 2153 coacturos,
824 2093 880 2146 166.
899 2094 1007 2145 Philon.
1025 2095 1081 2145 vit.
1098 2094 1167 2144 Moe.
1179 2094 1217 2143 11.
1235 2110 1262 2159 μ.
1274 2093 1329 2144 659
1341 2096 1373 2146 B.

225 2170 253 2212 ut
275 2163 346 2212 nobie
368 2170 502 2224 occurret,
527 2163 620 2212 malim
644 2162 771 2226 equidem
821 2165 865 2213 De
878 2164 986 2214 Numer.
998 2162 1110 2227 Septen.
1124 2177 1150 2226 p.
1166 2159 1374 2213 nata-De

226 2230 353 2281 reddere:
376 2231 475 2281 Persae
495 2230 591 2281 οδοίανι
612 2233 651 2280 ire
673 2231 709 2279 ad
723 2248 770 2294 pu·

224 2314 308 2364 μασιν.
321 2325 354 2333 -
371 2298 493 2364 Sequens
512 2290 541 2356 ἐς
558 2291 589 2348 τὸ
606 2290 715 2363 παρεὸν
729 2303 771 2347 at·

225 2367 278 2429 tigi
292 2366 327 2416 ad
339 2366 400 2424 Vll,
413 2365 513 2428 29115,
529 2366 641 2417 verbum
654 2382 673 2430 μ
695 2363 772 2415 κίειν

226 2434 262 2484 ud
274 2435 334 2495 Vll,
350 2432 407 2484 169.
437 2435 542 2484 Verba:
561 2428 596 2485 ον’
608 2426 662 2498 γὰρ
675 2382 770 2498 όποιή-

226 2515 293 2553 σατε
307 2492 461 2567 ἐπιτηδέως
473 2503 503 2564 (i.
511 2519 535 2552 ο.
543 2519 622 2568 neque
632 2505 697 2551 enim
705 2518 770 2553 com-

226 2571 309 2629 mode‚
334 2577 404 2620 recte
425 2570 536 2632 fecistis)
562 2570 662 2620 leniter
685 2570 770 2629 dicta,

226 2643 354 2688 monente
364 2637 628 2702 Schweigliueueero
636 2638 665 2687 in
675 2638 770 2687 Lexic.

225 2704 330 2755 Herod.
347 2706 369 2755 Ι.
388 2721 413 2770 p.
431 2705 496 2767 269,
516 2706 692 2770 accipiantur
708 2720 770 2771 pro:

225 2776 289 2822 mule
302 2773 411 2835 Ιτοίτίίε.
447 2773 488 2822 Τιι
510 2773 565 2823 vid.
588 2773 621 2822 de
641 2772 772 2823 adverbio

227 2831 382 2905 ἐπιτηδέως
399 2840 451 2891 IV.
472 2839 519 2890 139
541 2840 634 2904 ibique
652 2845 721 2889 nott.
739 2867 771 2875 —

225 2907 268 2957 Ad
281 2907 426 2957 formulam
438 2902 482 2957 δτι
491 2900 577 2971 ια’χος
588 2907 660 2957 coni.
672 2906 771 2956 Matth.

227 2973 273 3024 Gr.
294 2974 340 3024 Gr.
363 2976 386 3035 ἕ.
403 2974 463 3023 eal.
502 2977 545 3023 De
568 2973 713 3039 particulis
734 2965 773 3032 αἱς

226 3030 276 3103 δν,
292 3056 361 3105 quus
374 3042 566 3091 coniunctivus
580 3042 696 3106 exeipit,
716 3041 770 3091 vid.

227 3108 305 3159 mode
318 3109 340 3165 1,
353 3109 369 3158 5
382 3108 476 3173 ibique
490 3108 591 3171 allata,
605 3112 618 3159 I
643 3112 683 3159 ll.
696 3107 737 3160 36.

273 3166 500 3254 ἐπιτηδειότατόν
530 3167 588 3227 ἐστι
613 3145 770 3243 ίμμαχέσα-

227 3244 298 3295 σθαι
308 3237 340 3295 τὸ
349 3241 488 3308 Θριασιον
497 3242 610 3309 πεδίον]
620 3246 681 3295 Duo
692 3245 770 3295 codd.

227 3303 460 3378 ἐπιτηδέστατον,
475 3315 573 3362 merite
583 3313 650 3363 illud
662 3313 771 3377 quidem

226 3382 361 3431 reiectum
374 3398 391 3431 a
404 3381 605 3444 Valckenario,
620 3381 665 3446 qui
676 3379 771 3430 laudat

226 3448 338 3498 Suidem
357 3464 380 3499 e.
398 3465 424 3499 v.
443 3440 582 3514 εὐήλατον
600 3450 621 3498 1.
635 3466 661 3513 p.
674 3446 725 3497 888
744 3452 771 3497 et

226 3516 349 3582 geminos
358 3517 435 3566 locos
444 3517 577 3566 Herodoti
588 3516 685 3577 luas.
699 3515 771 3565 'l'hn-

227 3585 287 3646 eydt
301 3584 337 3641 11,
350 3584 391 3634 20.
428 3584 482 3633 Sed
495 3599 543 3649 pro
556 3584 620 3634 olim
633 3584 706 3649 vulg.
718 3598 770 3648 μα-

227 3649 369 3715 χέσασθαι
386 3651 484 3701 merito
501 3667 573 3701 nuuc
591 3652 688 3700 iisdem
707 3668 721 3701 e
739 3651 771 3700 li·

225 3718 281 3767 bris
293 3724 434 3784 receptum
445 3712 670 3783 ἐμμαχέσασθαι,
683 3724 714 3767 ut
723 3720 770 3779 IX,

225 3786 241 3832 2
255 3777 584 3849 ἐνστρατοπεδεύεσθαι,
602 3787 702 3851 dequo
714 3786 769 3836 vid.

225 3857 295 3902 nott.
313 3853 349 3902 ad
366 3855 430 3914 vll,
450 3853 484 3903 59
510 3853 608 3903 Matth.
628 3855 673 3904 Gr.
688 3855 732 3903 Gr.
746 3858 770 3915 ξ.

225 3919 283 3970 533.
295 3925 352 3969 not.
362 3921 378 3969 2
388 3927 417 3970 et
427 3920 566 3970 Kuehner.
574 3922 617 3971 Gr.
624 3923 669 3972 Gr.
680 3923 703 3981 ξ.
711 3921 769 3971 659.

225 3992 297 4051 πολ,
321 3989 368 4053 qni
386 3988 548 4039 Herodotea
564 3989 651 4039 verba
668 3989 708 4038 sic
726 4005 769 4038 ex-

226 4056 357 4120 plicavit:
382 4047 610 4121 ἐπιτηδεεότατον
631 4043 668 4121 ἦν
685 4051 771 4121 μαχέ-

226 4122 334 4174 σασθαι
353 4115 385 4172 ἐν
401 4122 441 4187 τῷ
459 4120 587 4189 Θριασίῳ
604 4122 709 4189 πεδίῳε
734 4125 772 4173 di·

226 4197 293 4241 cunt
305 4192 377 4241 enim
387 4191 596 4241 Atheniensium
609 4192 710 4256 legati:
729 4210 772 4243 αο-

224 4266 296 4311 ελτστ
309 4261 408 4325 quidem
419 4266 507 4310 ternuc
524 4261 632 4310 νισωίκιε
648 4268 770 4324 ορμον-ια·

226 4344 272 4379 ινα
289 4329 325 4378 αδ
337 4329 499 4393 μαηασιιδιακ
521 4330 591 4379 lectu
614 4336 652 4378 ιιι
671 4346 773 4394 campus

827 2232 943 2282 Τίιτίαοίο
953 2246 1050 2295 campo
1061 2229 1115 2280 vid.
1123 2234 1190 2279 nott.
1198 2228 1234 2279 ud
1243 2229 1373 2294 v111‚65.

1013 2399 1080 2448 cir.
1101 2398 1175 2448 v111.

855 2491 1373 2619 e'q'uovuuvAESchaeleruaquemBekk.
1460 2492 1461 2513 l

822 2571 958 2635 sequitur,
1003 2581 1118 2619 κονσαν.
1152 2567 1289 2632 Equidem
1310 2585 1375 2619 cum

822 2638 919 2702 reliqq.
933 2637 993 2687 edd.
1006 2634 1222 2701 scriptoqlibroe
1234 2651 1268 2685 ee
1281 2638 1375 2702 magis

823 2706 902 2770 sequi
920 2705 1018 2768 malui,
1038 2704 1110 2769 quod
1121 2704 1221 2753 Noster
1239 2712 1374 2755 consten-

823 2777 867 2825 ter
884 2774 912 2822 in
928 2773 981 2822 hoc
1001 2772 1085 2822 verbo
1103 2776 1251 2837 augmento
1269 2772 1373 2822 utitur:

823 2841 961 2891 vid.locoe
972 2856 989 2890 a
998 2840 1133 2890 Bredevio
1145 2845 1295 2913 congestos
1303 2856 1374 2918 pag.

824 2908 882 2958 297.
907 2935 940 2944 —
961 2908 1040 2969 Quod
1064 2907 1189 2972 sequitur
1211 2905 1375 2972 αναβαλλε·

824 2976 910 3039 σθαι,
924 2980 967 3025 est
978 2977 1101 3041 differre,
1114 2977 1144 3023 ut
1155 2975 1192 3034 V,
1204 2974 1246 3022 49.
1261 2975 1316 3035 VI,
1330 2975 1376 3024 86.

823 3044 865 3093 Ad
874 3042 909 3109 τῇ
918 3034 1054 3108 ὑστεραίῃ
1063 3042 1119 3093 vid.
1130 3046 1227 3092 notata
1237 3042 1273 3091 ud
1285 3044 1337 3104 IX,
1348 3043 1374 3093 3.

823 3138 858 3148 —
869 3112 931 3161 Mox
948 3127 996 3176 pro
1014 3108 1098 3160 τοῦτο
1116 3102 1161 3170 δέ,
1181 3109 1252 3173 qued
1265 3110 1376 3161 habent

823 3179 991 3230 Schaeserus
1009 3184 1038 3228 et
1055 3177 1203 3237 lllotthiae,
1227 3176 1292 3227 dedi
1310 3193 1375 3228 cum

823 3252 940 3297 recenti.
959 3246 1019 3296 edd.
1035 3261 1116 3295 uuum
1134 3243 1232 3305 τοῦτο,
1257 3245 1376 3296 abiecti

823 3314 961 3379 porticuli
985 3308 1026 3364 δέ.
1067 3313 1109 3362 Ad
1130 3313 1300 3362 locutionem
1325 3305 1376 3364 ἐπὶ

823 3376 894 3432 δέκα
906 3373 1015 3447 ἡμέρας
1032 3382 1092 3443 (per
1107 3382 1193 3431 decem
1209 3380 1276 3443 δίει)
1294 3382 1374 3431 conl.

823 3448 911 3499 allata
924 3449 960 3498 ad
970 3449 992 3511 Ι,
1005 3447 1060 3498 166,
1071 3449 1122 3510 ΙΙΙ,
1132 3448 1174 3497 59.
1184 3448 1215 3508 V,
1224 3446 1269 3527 ,²8¹
1290 3449 1376 3523 Quod

822 3518 945 3582 sequitur
961 3507 992 3577 ἐξ
1008 3508 1116 3582 ἡμέρης
1127 3506 1163 3574 ἐς
1175 3507 1288 3581 ἡμερην
1299 3532 1375 3567 ανα-

823 3578 993 3652 βαλλόμενοι
1011 3586 1053 3644 (δε
1069 3586 1111 3634 die
1123 3588 1149 3633 ιἰι
1161 3586 1227 3633 diem
1242 3586 1374 3649 differen-

822 3659 862 3702 tes
874 3669 896 3701 s.
909 3668 994 3701 νιονσο
1006 3652 1153 3713 nectentes),
1168 3650 1264 3701 attulit
1277 3652 1375 3702 lineb-

823 3736 872 3769 ner
894 3722 940 3769 Gr.
959 3720 1005 3770 Gr.
1023 3721 1047 3778 §-
1065 3718 1129 3779 599,
1148 3720 1173 3767 2.
1214 3720 1320 3783 Sponte
1346 3722 1375 3769 in

823 3793 942 3837 mentem
954 3788 1032 3837 venit
1043 3787 1117 3836 Livii
1134 3786 1202 3835 illud
1215 3787 1305 3844 XXV,
1326 3789 1375 3837 25:

823 3870 905 3917 „cum
923 3856 946 3904 is
959 3857 1023 3904 diem
1039 3857 1071 3905 dc
1084 3856 1125 3903 die
1137 3854 1283 3903 differret¹‘
1298 3863 1329 3905 et
1340 3856 1374 3915 V,

821 3924 867 3972 48:
882 3924 966 3983 „diem
978 3922 1281 3987 dedicprospectuua‘¹.
1300 3923 1377 3973 Nos:

824 4008 890 4050 „von
902 3993 982 4040 ciuem
998 3991 1051 4054 Τση
1063 4007 1116 4039 :um
1128 3990 1240 4049 σσδτιπ,
1253 4006 1303 4040 eon
1318 3991 1377 4054 Τση

822 4075 853 4108 τα
874 4058 956 4123 Τση.“
974 4086 1005 4093 -
1022 4058 1064 4107 Ad
1086 4056 1172 4107 verbe
1190 4055 1243 4107 καί
1263 4071 1316 4120 σφι
1336 4045 1377 4123 ἡν

823 4118 894 4187 πρὸς
905 4120 981 4176 τέλεϊ
998 4141 1031 4174 ex
1044 4124 1227 4175 antecedente
1243 4116 1378 4191 ἐτείχεον

823 4198 915 4243 mente
928 4193 1107 4258 repetendum
1120 4187 1151 4242 τὸ
1163 4194 1270 4257 τεῖχος,
1285 4200 1317 4243 ut
1331 4211 1376 4243 re·

824 4267 868 4310 cte
884 4261 988 4310 monuit
998 4260 1127 4310 Kuehner
1138 4261 1183 4311 Gr.
1192 4260 1238 4310 Gr.
1244 4262 1342 4324 §.diet
1350 4267 1377 4319 «l,

824 4329 871 4393 qui
883 4328 962 4394 plura
974 4328 1078 4379 similia
1094 4328 1209 4395 profert.
1227 4328 1271 4379 Ad
1283 4330 1376 4379 verba
