2932 5124
458 410 662 471 uenum.
685 388 774 471 v‘nr.
799 419 857 474 nr.
1163 413 1225 478 nos

98 574 257 670 Ἰλλυριῶν
273 575 517 669 ὑπερβαλόντες
536 584 570 663 ἐς
586 578 648 670 τὴν
664 579 735 652 ἄνα
753 589 989 672 Μακεδονίην,
1013 577 1168 653 ἀπίκοντο
1192 587 1225 664 ἐς

102 690 239 770 Λεβαίην
256 681 364 753 πόλιν.
401 686 548 753 ἐνθαῦτα
567 684 605 753 δὲ
622 682 786 771 ἐδήτευον
805 687 857 754 ἐπὶ
874 688 987 778 μισθῷ
1003 681 1090 775 παρὰ
1104 688 1151 777 τῷ
1167 692 1225 773 βα-

100 787 191 872 σιλέϊ,
227 779 245 853 ὁ
264 785 327 873 μὲν
342 788 466 865 ἵππους
482 787 605 874 νέμων,
624 780 642 854 ὃ
661 785 698 855 δὲ
716 790 815 874 βοῦς,
843 781 861 856 ὁ
881 784 1095 867 diversitates
1113 782 1226 857 αὐτοῖν

100 892 280 975 Περδίκκης
296 882 337 955 τοὶ
354 882 456 956 λεπτοὶ
471 889 540 956 τοῖν
556 886 741 977 προβάτων.
777 877 863 976 ἦσαν
887 887 924 957 δὲ
947 885 984 957 cd
1001 886 1101 958 παλαι
1117 891 1172 957 καὶ
1192 893 1229 958 ai

100 994 288 1077 τυραννίδες
304 989 373 1058 τοῖν
389 983 581 1079 ἀνθρώπων
598 984 757 1069 ἀσθενέες
774 987 927 1079 χρήμασι,
945 985 986 1059 οὐ
997 985 1151 1079 μοδνουὸ
1171 993 1226 1077 δη

100 1186 235 1237 iiecmonie
252 1186 344 1236 sontes
366 1203 419 1237 non
436 1189 530 1252 procul
548 1187 583 1238 eb
600 1187 635 1238 Il·

100 1255 167 1318 lyciis
190 1255 310 1320 cogitari
333 1256 405 1312 vult,
431 1256 565 1306 accedere
586 1272 634 1306 ne·

103 1338 171 1387 queo,
184 1323 219 1372 de
227 1323 309 1387 Argis
321 1324 349 1372 in
362 1322 550 1388 Peloponneso
562 1324 634 1387 sitis,

101 1390 277 1441 celeberrimis
293 1390 351 1441 iliis
371 1392 481 1456 quidem
502 1407 551 1457 per
567 1393 635 1458 pris-

101 1474 153 1507 csm
166 1459 334 1509 Graecorum
352 1463 473 1508 aetutem
491 1460 572 1509 unice
587 1460 634 1511 hic

101 1527 266 1591 cogitandum
277 1542 338 1576 esee
348 1532 437 1575 retest
449 1527 475 1575 id
486 1543 551 1578 vero
561 1528 633 1578 idem

100 1593 168 1644 Abel.
180 1610 207 1658 p.
224 1592 272 1644 169
289 1600 366 1643 recte
383 1594 450 1643 mibi
467 1610 577 1645 monere
594 1597 634 1645 vi-

101 1734 149 1778 trcs
166 1730 331 1779 Doricernm
354 1731 476 1794 gentium
500 1731 588 1780 tribus
611 1748 633 1782 s.

101 1790 184 1856 celric
196 1796 261 1859 (rid.
274 1802 343 1847 nott.
355 1798 390 1846 ed
398 1798 501 1848 Herod.
514 1800 561 1858 lv,
577 1798 633 1848 145.

102 1862 151 1914 161.
167 1865 203 1926 V,
221 1862 280 1927 68):
304 1865 376 1930 quod
397 1867 433 1916 ed
455 1867 571 1916 fratrum
587 1883 634 1916 no·

100 1932 166 1982 niue
182 1935 298 1997 ettinet,
317 1938 345 1983 et
360 1933 463 1999 Aeropi
480 1943 509 1984 et
523 1934 634 1984 Perdic-

100 2015 253 2051 eucnemon
266 2001 396 2066 frequens
412 2003 441 2050 in
452 2002 634 2053 Macedonum

102 2069 174 2118 rebus
184 2069 303 2118 inveniri
315 2069 384 2119 setis
397 2074 515 2119 constet.

127 2129 341 2202 τ’τερβαλόντες]
361 2138 380 2186 i.
394 2152 418 2187 e.
430 2139 589 2203 trasuqresei
599 2154 634 2188 erc

100 2203 188 2267 Illyriis
211 2208 237 2253 is
264 2207 423 2269 superiorem
447 2206 633 2265 Μαεεδοπὶωπ,

100 2272 227 2336 repentis
238 2272 300 2322 scil.
313 2272 459 2334 montibus,
475 2274 520 2338 qni
531 2279 633 2323 utrem·

99 2354 145 2403 qne
160 2339 353 2390 disterminant
368 2346 470 2391 terrem
487 2345 515 2391 et
531 2340 633 2391 vellem

99 2406 282 2458 Heliscmcnis
299 2409 335 2459 eb
354 2424 389 2458 ee
404 2408 479 2458 velle
493 2415 633 2473 superent,

100 2489 173 2538 quern
184 2476 294 2540 perfluit
303 2478 385 2526 Decol
394 2476 507 2533 rivulus.
520 2481 551 2526 ut
562 2491 634 2527 nunc

100 2547 217 2603 ποντίοις
240 2544 294 2594 hec
319 2545 392 2594 eninr
415 2545 461 2594 vie
482 2546 517 2595 eb
538 2544 635 2608 Illyris

101 2609 127 2657 in
135 2611 322 2661 Hecedoniern
334 2612 518 2663 descendunt:
530 2614 635 2663 monuit

101 2676 171 2753 dbei.
188 2678 205 2728 Ι.
218 2678 236 2728 l.
249 2695 313 2745 pag.
327 2679 344 2729 5
357 2684 385 2729 et
400 2678 456 2729 108.
490 2682 534 2730 De
548 2681 633 2731 verbo

100 2742 279 2810 περβάλλειν
289 2747 345 2796 vid.
358 2747 490 2797 Herodot.
501 2747 561 2808 VH,
576 2746 633 2797 168.

101 2811 166 2863 Pint.
178 2815 272 2878 Pyrrh.
290 2814 328 2864 15.
346 2815 416 2864 Mer.
431 2813 463 2863 18
474 2816 512 2865 in.
526 2816 633 2864 Lucuil.

100 2879 130 2927 27
138 2883 194 2931 init.
207 2881 301 2947 comp.
309 2882 379 2933 Cim.
391 2888 420 2931 et
428 2882 535 2933 Lucull.
546 2882 633 2933 binii.

102 2945 185 2998 crass.
195 2948 220 2999 9.
232 2950 334 3000 Anton.
350 2949 381 2999 18
392 2949 438 2999 fin.
468 2950 570 3001 Urbem
582 2952 633 3000 Le·

101 3014 282 3077 doemnemo,
300 3021 431 3081 quantum
444 3019 517 3077 scio,
535 3034 635 3068 memo·

102 3084 175 3133 revit
206 3084 285 3135 Unus
301 3085 471 3150 Hesychius,
491 3101 509 3135 e
523 3086 634 3136 Wesse-

102 3147 179 3215 lingio
195 3152 297 3202 elletns
315 3153 352 3202 11.
366 3169 393 3217 p.
406 3151 456 3204 437
473 3147 566 3218 Λίβα,
583 3147 636 3203 πό-

685 1205 757 1239 mem
778 1189 919 1255 penuriam
938 1189 1085 1251 adductus,
1109 1188 1225 1239 subeun-

685 1256 757 1319 dum,
772 1257 841 1307 edco
850 1262 880 1307 ut
891 1257 924 1307 ed
933 1259 1095 1308 servitutem
1105 1258 1226 1323 proxime

686 1325 815 1386 secedet3
833 1325 890 1375 vid.
903 1326 982 1376 Hom.
997 1324 1095 1389 Odyss.
1112 1325 1162 1387 IV,
1176 1322 1226 1374 644

685 1392 778 1458 ibique
790 1392 928 1454 Nitesoh.‚
946 1392 1026 1458 plure
1042 1393 1226 1457 proferentem

685 1476 748 1525 peg.
761 1458 821 1523 296,
834 1460 933 1525 quibus
945 1460 1015 1517 edd„
1029 1476 1098 1524 quee
1111 1459 1182 1525 epud
1194 1458 1226 1508 G.

684 1528 731 1577 Fr.
748 1528 913 1578 Hermann:
933 1527 1102 1578 Griechisch.
1121 1528 1225 1578 Steets-

686 1594 796 1645 eltertie
810 1597 833 1656 θ.
846 1594 888 1645 66.
901 1601 958 1645 not.
970 1596 987 1645 6
1000 1596 1127 1645 citantur.
1151 1596 1227 1645 Inter

685 1663 786 1713 iratres
798 1667 935 1729 pastorum
949 1662 1042 1729 officie
1054 1668 1226 1728 praestantes

686 1731 757 1795 quod
775 1731 902 1780 minimus
921 1734 989 1780 netu
1007 1736 1088 1795 etque
1109 1730 1134 1780 is
1156 1731 1225 1794 ipse,

686 1799 732 1863 qni
755 1799 872 1864 posthec
896 1813 1009 1863 regnum
1034 1799 1148 1863 adeptus
1175 1801 1225 1859 est,

685 1881 781 1931 caprae
792 1881 908 1932 pascere
921 1865 1034 1927 dicitnr,
1048 1865 1087 1915 ed
1100 1881 1159 1915 eum
1172 1865 1226 1915 vim

684 1938 812 1999 spectare
824 1933 942 1995 videtur,
956 1948 1037 1998 quem
1046 1932 1227 1983 Macedonum

684 2003 714 2051 in
726 2003 808 2052 robus
821 2016 908 2065 eoque
922 2016 955 2050 ec
969 2000 1070 2051 fabulis
1083 2015 1167 2066 cupre
1178 1999 1226 2049 he-

684 2070 758 2131 buit,
773 2070 808 2120 ed
821 2084 901 2133 quem
912 2067 959 2119 vol
971 2084 1070 2119 nornen
1081 2069 1225 2132 Augurum,

684 2136 825 2203 multaque
839 2137 895 2186 elie
909 2136 936 2186 id
949 2152 1044 2215 genus,
1058 2136 1225 2187 referebant.

684 2206 795 2256 Etenim
822 2200 857 2254 τὰ
882 2205 970 2254 ieme
998 2204 1055 2254 veie
1077 2198 1227 2269 προβάτων

685 2279 748 2323 sunt
759 2289 819 2324 over
831 2277 858 2324 et
869 2288 979 2337 caprae,
996 2278 1028 2322 ut
1039 2287 1121 2337 cupre
1133 2273 1154 2332 1,
1172 2271 1226 2329 133,

685 2342 732 2390 ubi
742 2342 798 2391 vid.
811 2345 896 2402 nott,
915 2346 943 2389 et
961 2339 1033 2405 epud
1045 2340 1164 2389 Pensnn.
1177 2340 1226 2401 IX,

685 2408 748 2484 333.
761 2409 791 2469 4,
809 2408 857 2458 ubi
874 2399 909 2456 coi
928 2399 1081 2469 insciteque
1093 2406 1148 2456 τῶν
1159 2421 1226 2469 προ-

704 2492 788 2525 ατων.

685 2474 702 2542 β
718 2530 794 2609 ἦσαν
806 2536 980 2593 dicendine
994 2530 1043 2592 καὶ
1055 2535 1088 2590 αῖ
1097 2540 1227 2603 τυραννί-

685 2609 734 2669 δες
746 2627 772 2662 ν.
782 2627 806 2661 τ.
816 2608 853 2674 L]
865 2609 1041 2674 τυραννίδας
1053 2609 1078 2659 ir.
1088 2609 1107 2657 l.
1119 2609 1227 2658 omnino

685 2680 809 2729 indicere
826 2694 921 2743 reque,
940 2676 1033 2740 δῆμον
1050 2676 1163 2725 liberum
1180 2692 1227 2740 po·

684 2747 743 2812 puli
768 2751 869 2796 statum
897 2762 918 2810 ⁸.-
942 2745 1059 2796 liberem
1081 2743 1227 2807 rempubli-

686 2831 760 2876 cam,
786 2815 891 2864 monitu
907 2814 953 2863 vix
971 2828 1047 2878 opus.
1082 2813 1124 2862 Ad
1140 2813 1227 2876 ipsam

685 2884 853 2932 sententiam
883 2881 953 2931 bene
982 2881 1023 2930 sic
1052 2881 1226 2930 Weeeelin·

683 2953 768 3014 qius:
793 2949 949 3011 „Connexe
970 2948 1004 2998 de
1026 2948 1227 3012 antiquissimo·

685 3033 743 3068 rum
767 3033 862 3083 regum
891 3032 924 3066 ec
952 3020 1128 3081 tyrannorum
1151 3016 1229 3065 tenui

686 3085 842 3135 conditione
860 3084 1017 3135 observetio
1030 3084 1149 3135 veritete
1163 3083 1227 3132 niti-

685 3158 739 3203 tur.
758 3153 835 3202 lutra
844 3168 915 3203 ruam
926 3158 1015 3218 coique
1026 3159 1137 3214 patriam
1148 3166 1229 3215 regna

103 3209 349 3286 διτδιόθρᾳκαίν.
384 3220 426 3270 Ad
443 3236 505 3271 eem
521 3225 632 3284 terrem,
680 3222 836 3284 finiebantur
851 3220 949 3269 scribit
966 3220 1096 3269 lustinus.
1136 3219 1228 3281 Reges

102 3300 166 3347 quse
176 3288 310 3349 hymnis
321 3288 475 3338 vocebstnr
487 3289 552 3350 (vid.
565 3289 633 3339 For·

102 3351 173 3415 bigot
187 3354 227 3405 ine
248 3354 339 3418 Peuiy
355 3355 568 3421 Reelencyclop.
586 3357 632 3407 IV.

103 3433 126 3482 η.
139 3418 207 3487 1283)
226 3423 261 3472 eb
277 3421 392 3486 Illyrios
407 3429 490 3487 gente
507 3423 634 3475 habitate

103 3492 241 3551 προσίετο
257 3495 354 3540 estete
370 3490 530 3555 plerumque
541 3492 634 3542 Mece-

103 3552 192 3606 deniee
207 3557 315 3614 eddite.
333 3557 406 3608 hece
422 3560 560 3622 pertinere
572 3575 633 3621 pro·

104 3619 221 3674 hebiliter
231 3626 332 3675 statuit
342 3624 422 3674 Abel.
434 3625 453 3674 l.
464 3625 482 3677 l.
495 3641 559 3691 ρος.
572 3625 632 3677 109:

103 3687 163 3738 inde
176 3693 246 3741 enim
263 3693 342 3743 recti
359 3692 406 3741 vid
422 3695 556 3744 orientem
574 3709 633 3743 ver-

103 3770 145 3804 sus
165 3759 296 3809 tendimus
315 3759 459 3810 Edessam.
499 3761 542 3811 ibi
565 3762 634 3825 qnod

105 3823 170 3900 epod
188 3842 281 3892 regem
304 3818 443 3892 θητείαν
468 3819 516 3878 ieri
538 3828 634 3893 μισθῷ

105 3892 131 3943 <n
148 3904 170 3943 c.
181 3896 296 3945 meede
316 3897 436 3945 modesti
455 3911 518 3959 opus
532 3896 633 3959 fecere)

105 3955 221 4010 dicuntur
228 3962 347 4020 fratres,
363 3962 405 4024 id,
424 3962 522 4013 Abelis
539 3964 563 4013 si
576 3979 635 4013 cre·

105 4022 197 4088 dimus,
212 4028 319 4080 indicet
330 4029 497 4080 Macedones
510 4030 634 4095 eliquen-

105 4091 183 4155 titper
195 4096 395 4159 Lyncestarum
411 4098 522 4162 regibus
543 4098 634 4148 subdi·

105 4160 241 4236 egnisse.
272 4163 409 4214 Decierst
420 4181 488 4216 sene
499 4165 568 4215 iliud
580 4164 634 4230 θη-

105 4238 191 4276 mm
201 4220 246 4281 iat
257 4230 355 4297 μισθῷ
368 4231 529 4283 vilissimam
542 4248 635 4298 qnem-

106 4306 157 4370 quc
171 4310 201 4346 ec
216 4297 387 4349 durissimam
403 4315 513 4366 operem
530 4300 635 4351 homini

106 4356 199 4425 bbere,
222 4366 268 4429 qni
287 4367 368 4433 inops
390 4372 433 4418 est
455 4372 484 4420 et
506 4367 541 4417 ed
561 4383 634 4419 sum-

684 3303 834 3352 regnmque
871 3287 922 3336 filii
956 3292 1081 3336 ermente
1114 3301 1227 3351 pascere

683 3355 757 3406 heud
772 3356 1002 3421 dedignabuntur.
1032 3353 1162 3403 Hectoris
1174 3352 1228 3401 An·

685 3424 846 3473 dromuches
863 3421 977 3487 querele
993 3436 1076 3486 super
1090 3419 1227 3473 frutribus.

684 3491 746 3541 dum
769 3490 900 3541 armentis
921 3489 1071 3552 ovibusque
1091 3488 1229 3552 poscenti·

683 3560 734 3608 bus
745 3557 933 3619 attenderent,
949 3555 1094 3606 trucidetis
1106 3572 1138 3605 ex
1147 3554 1228 3606 Iiiud.

685 3627 736 3687 VI,
750 3626 800 3674 422
813 3627 841 3673 in
855 3624 916 3673 luce
928 3628 1066 3684 versatum
1086 3623 1228 3673 notissime

685 3708 792 3758 queque
804 3707 899 3757 regum
909 3692 1088 3742 Palaestinae
1101 3692 1229 3742 vetustis·

685 3763 812 3812 simorum
828 3760 857 3809 iu
873 3761 962 3810 secrie
973 3759 1122 3809 Pendectis
1138 3759 1228 3808 tenui-

685 3829 760 3879 tes.“
794 3828 851 3877 Nos
866 3828 919 3878 hoo
936 3842 1043 3893 quoque
1061 3826 1167 3877 ettendi
1181 3842 1228 3876 vo-

684 3897 788 3957 lumus,
806 3894 876 3959 quod
893 3911 940 3961 pro
957 3895 1061 3960 insigni
1078 3892 1127 3942 ille
1142 3893 1227 3958 prisci

686 3963 748 4013 eevi
759 3962 940 4028 simplicitate
952 3963 1014 4027 ipse
1024 3961 1097 4026 regis
1105 3975 1172 4011 uxor
1181 3977 1229 4024 pe·

686 4046 736 4081 nes
749 4044 866 4095 coquere
878 4028 994 4091 dicitur;
1008 4029 1036 4079 id
1049 4029 1121 4079 enim
1132 4027 1228 4077 mulie·

685 4114 744 4147 rum
760 4097 823 4148 olim
842 4098 928 4147 fuisse
950 4097 1090 4161 nogotium
1113 4095 1148 4145 ed
1164 4096 1226 4153 VII,

689 4164 736 4214 187
748 4164 908 4215 monuimus.
926 4165 1002 4213 Hinc
1015 4178 1120 4229 quoque
1133 4160 1229 4212 Croesi
1324 4214 1331 4229 .

686 4232 736 4283 ille
747 4222 906 4294 detondetur
918 4232 939 4289 Ι,
951 4232 998 4292 51,
1011 4232 1060 4281 nbi
1073 4229 1146 4281 coni.
1158 4233 1226 4278 nott

684 4302 727 4351 De
740 4301 808 4366 ipsis
820 4298 954 4349 Herodoti
965 4298 1058 4349 vorbis
1074 4298 1099 4347 si
1112 4310 1227 4361 queem-

685 4382 757 4430 mus,
781 4368 853 4417 heec
874 4366 1002 4431 reliquis,
1027 4380 1137 4433 quorum
1162 4378 1228 4414 ceu·
