2866 5134
208 369 268 431 482
623 361 942 425 COItItEN'rA'PIO

206 540 281 591 Acro.
296 537 399 590 Acadd.
414 537 557 607 Inscriptt.
567 536 597 609 l¹)
611 536 741 604 insertis,
764 537 867 608 quibus
881 537 979 590 iisdem
995 553 1064 591 nsus
1079 544 1124 590 est
1133 537 1306 590 Kaltwasser
1319 537 1346 590 iu

207 624 385 676 adnotatione
405 622 526 675 versioni
541 622 707 675 vernaculae
722 622 880 675 Plutarchei
895 618 979 675 libelli
992 619 1192 690 subiecta**);
1215 623 1349 675 accedunt

208 715 304 761 nostra
319 714 423 775 acute,
440 706 510 760 alios
525 714 556 760 ut
569 717 688 774 taceam,
702 725 754 760 van
771 708 860 760 Marle
870 704 936 772 W)
950 718 1033 779 atque
1044 708 1069 760 is
1081 708 1156 776 ipse,
1173 725 1254 777 quem
1266 724 1350 776 supra

207 793 257 846 iam
272 793 399 860 laudavi,
418 793 654 861 Lahmeyernsal).
682 793 742 845 Nec
757 810 827 863 opus
839 793 966 862 pluribus
983 794 1048 845 haec
1060 800 1189 859 tractare,
1205 810 1278 863 quae
1292 792 1349 845 sais

207 896 319 949 quoqne
334 878 403 932 locis
419 879 448 931 in
463 877 642 931 adnotatione
658 878 845 931 tractavimus.

733 1069 760 1128 s.
780 1067 821 1117 17.

291 1215 406 1268 Praeter
417 1214 560 1267 Musarum
576 1214 662 1269 libros
677 1216 820 1269 Herodoto
835 1216 968 1269 tribuitur
982 1215 1100 1282 libellus,
1115 1215 1165 1286 qui
1181 1215 1210 1268 in
1229 1215 1346 1286 complu·

206 1301 284 1353 ribus
298 1299 376 1352 libris
398 1300 511 1369 scriptis
532 1309 623 1354 exstat
643 1301 764 1371 indeque
784 1300 836 1353 iam
856 1301 884 1354 ia
902 1301 1004 1371 primas
1018 1301 1130 1356 Homeri
1151 1301 1349 1367 editionesfl)

206 1385 332 1451 transiit,
356 1385 389 1437 de
407 1387 468 1439 Vita
485 1386 608 1452 tiemari,
631 1387 726 1439 ionica
745 1385 861 1439 dialecto
881 1395 910 1440 et
929 1386 990 1456 ipse
1008 1387 1183 1457 conscriptus
1205 1396 1234 1438 et
1247 1387 1301 1438 hoe
1315 1385 1348 1437 ri-

206 1471 265 1523 tulo
280 1471 448 1538 insignitus:
470 1464 623 1537 Ἡροδότου
642 1464 871 1541 Ἀλικαρνασσῆος
883 1469 948 1540 περὶ
963 1472 1012 1542 τῆς
1026 1472 1077 1526 τοῦ
1088 1465 1211 1541 Ὁμήρου
1228 1468 1350 1540 γενέσιος

205 1553 254 1609 aul
266 1555 376 1628 βιοτῆςι
396 1556 501 1624 dequo
518 1556 609 1609 libello
625 1555 846 1625 Wesselingins,
866 1556 914 1628 qai
927 1557 1043 1609 eundem
1054 1557 1146 1610 Musis
1162 1556 1309 1609 subiunxit
1322 1556 1348 1608 in

206 1640 328 1694 editione
345 1657 397 1693 sua
416 1660 444 1711 p.
459 1645 526 1710 717,
549 1642 616 1695 haec
634 1643 663 1695 in
680 1647 746 1693 uota
762 1642 926 1713 adscripsitr
954 1642 1131 1709 „Herodoto,
1155 1640 1235 1695 cuius
1251 1640 1349 1693 Musas

205 1727 338 1778 hactenus
362 1725 561 1780 iucundissime
584 1727 768 1796 versavimus,
790 1721 920 1796 ἐξήγησιν
942 1727 1011 1779 banc
1033 1726 1211 1781 eruditissimi
1230 1726 1287 1778 viri
1308 1726 1348 1778 Io.

206 1811 274 1863 Ger.
288 1810 406 1863 Vossius
415 1812 502 1877 †††),
521 1812 593 1864 Tan.
608 1813 700 1865 Faber
707 1808 772 1878 Ἴ),
794 1812 847 1865 Tb.
859 1812 968 1880 Rylrius
978 1809 1059 1878 Ἦ),
1082 1813 1122 1866 lo.
1136 1810 1251 1865 lansius
1258 1806 1348 1876 ms),

204 1895 256 1948 Es.
270 1895 461 1965 spanhemius,
477 1895 573 1966 Steph.
586 1896 737 1965 Berglerus
747 1894 798 1964 Υ)
812 1897 859 1950 alii
870 1895 1038 1963 abiudioant,
1055 1904 1152 1950 contra
1166 1895 1206 1949 illi
1219 1896 1348 1949 maximo-

205 1998 271 2049 pere
285 1981 471 2033 assentientes
487 1981 615 2035 nitnntur
630 1982 670 2035 lo.
683 1981 744 2033 Alb.
757 1983 780 2034 F
782 1976 996 2049 abricius††*),
1017 1982 1074 2034 Ios.
1086 1981 1257 2050 Barnesins,
1274 1981 1345 2035 Bou·

206 2065 314 2133 berius,
337 2066 441 2136 quique
456 2083 514 2119 eam
530 2076 594 2119 ante
609 2067 659 2120 bos
675 2067 767 2120 decem
780 2084 867 2120 annos
881 2066 1002 2120 Londini
1020 2067 1162 2135 eleganter
1182 2067 1348 2135 desmiptan

204 2150 355 2219 publicavit
365 2150 407 2203 Io.
423 2151 586 2204 lleinoldius
597 2152 694 2219 †††*).
718 2152 779 2220 Me,
797 2152 825 2205 in
841 2159 946 2223 partera
960 2169 1020 2204 cum
1034 2152 1073 2205 sit
1087 2151 1221 2219 eundum,
1238 2152 1348 2222 priores

206 2385 259 2433 tita
270 2384 326 2433 vid.
340 2384 488 2434 Fabricius
505 2382 523 2434 l.
537 2383 555 2434 l.
569 2401 632 2449 pag.
645 2382 694 2435 338
712 2383 775 2435 coll.
789 2384 846 2435 332.
866 2390 923 2436 not.
936 2402 958 2436 r.
991 2385 1100 2436 Deinde
1119 2384 1191 2435 idem
1208 2384 1347 2435 Henricns

205 2451 360 2517 Stephanus
379 2450 488 2502 Gallico
506 2467 631 2501 sermone
649 2452 774 2518 scripsit:
799 2453 954 2518 „Apologia
972 2469 1040 2519 pour
1050 2453 1192 2503 Herodoto
1209 2468 1244 2503 ou
1262 2450 1346 2502 traite'

205 2519 239 2568 de
256 2519 284 2569 la
302 2518 466 2569 conformitd
484 2519 533 2570 des
550 2519 708 2570 merveilles
726 2521 878 2572 anciennes
896 2537 965 2571 aven
984 2520 1026 2570 les
1039 2521 1182 2571 modernas
1194 2536 1245 2586 par
1258 2520 1346 2570 Henri

203 2588 333 2640 Etienne.
353 2586 449 2648 taum,
470 2603 522 2652 quo
535 2594 629 2638 tamen
646 2588 675 2638 in
687 2588 759 2638 libro
771 2591 884 2653 saeptus
896 2589 1028 2655 deinceps
1040 2592 1160 2654 repento
1178 2589 1248 2651 (vid.
1261 2589 1347 2653 potis-

204 2656 300 2705 simum
314 2672 375 2706 eam
389 2656 551 2717 editionem,
570 2671 640 2721 quae
658 2657 760 2722 prodiit
774 2656 838 2707 1735
856 2657 960 2708 dnobus
977 2656 1177 2719 voluminibus,
1193 2656 1251 2707 ale
1263 2656 1346 2720 Hsye

204 2739 256 2788 par
268 2724 307 2773 Le
318 2723 437 2786 Dnchat)
451 2731 547 2774 auctor
559 2740 614 2774 non
626 2730 683 2774 tam
695 2725 724 2774 id
737 2724 807 2791 egit,
821 2733 852 2775 ut
861 2725 1001 2776 Herodoto
1013 2727 1250 2792 patrocinaretur,
1264 2738 1346 2789 quam

205 2798 235 2840 ut
248 2792 387 2842 Herodoto
401 2792 562 2842 abuteretur
574 2792 609 2842 ad
622 2808 724 2842 morum
738 2794 904 2858 pravitatem
917 2799 946 2843 et
958 2795 1161 2858 corruptionem
1175 2791 1345 2858 aequalium,

205 2859 366 2909 clericorum
378 2859 548 2925 praesertim,
561 2859 756 2910 declarandam
769 2866 799 2911 et
808 2862 1014 2927 castigandam
1028 2862 1082 2912 vid.
1094 2859 1234 2927 Feugdre:
1247 2860 1346 2910 EssaIs

204 2941 250 2977 sur
262 2927 351 2976 Henri
363 2928 481 2977 Etienne
493 2944 557 2994 pag.
570 2926 604 2977 80
616 2944 673 2993 seq.

271 2990 298 3059 *l
317 2995 377 3044 Vid.
391 2994 471 3046 Mdm.
491 2996 525 3045 de
543 2995 647 3045 I'Aead.
667 2996 715 3046 des
727 2997 868 3062 Inscriptt.
887 2997 965 3047 etde
983 2997 1071 3048 belles
1086 2998 1183 3048 lettres
1194 2996 1256 3047 vot.
1270 2996 1346 3047 XIX.

204 3078 268 3127 pag.
283 3061 331 3112 115
343 3078 419 3128 seqq.
432 3064 507 3114 XXI.
520 3080 547 3129 p.
562 3062 611 3112 120
624 3079 699 3129 seqq.
718 3065 819 3114 XXIII.
833 3080 897 3131 pag.
914 3064 958 3115 101
972 3081 1048 3131 seqq.
1067 3062 1142 3130 (Vol.
1155 3062 1239 3116 XXX.
1255 3081 1283 3130 p.
1294 3062 1347 3113 utu

204 3145 279 3194 seqq.
301 3130 425 3182 XXXVI.
447 3148 509 3198 pag.
535 3130 582 3180 195
602 3146 677 3197 seqq.
699 3132 851 3182 XXXVIII.
872 3149 936 3199 pag.
961 3132 1009 3184 too
1029 3149 1106 3199 seqq.
1124 3134 1203 3183 form.
1223 3132 1345 3187 octav-l:

204 3213 277 3315 quipp³
293 3199 440 3317 quqacule
465 3198 589 3249 exhibuit
605 3198 734 3250 Gatterer
752 3201 794 3250 in:
823 3199 939 3267 allgem.
959 3201 1063 3253 Histor.
1078 3201 1212 3253 Biblioth.
1229 3200 1291 3251 Vol.
1308 3200 1346 3250 X.

204 3283 221 3331 p
271 3331 562 3400 *1)1701.171.ρ.679.

204 3472 221 3523 d
271 3399 388 3519 Ἑθῡθ
406 3402 459 3453 fide
476 3403 609 3453 Herodoti
628 3419 645 3455 a
661 3403 808 3456 Plutarcho
831 3407 950 3470 reiecta,
973 3405 1106 3473 disputat.
1124 3406 1251 3474 inaugur.
1270 3405 1346 3473 Lug-

223 3487 267 3521 un.
349 3506 355 3520 .

271 3535 303 3601 †)
322 3539 351 3587 in
362 3535 457 3588 libello
469 3538 678 3605 supralaudato
690 3556 753 3606 pag.
767 3539 876 3592 34-78.

272 3604 325 3668 ††)
344 3605 403 3655 Iam
416 3606 444 3655 in
457 3607 545 3672 prima
559 3608 679 3658 editione
693 3609 841 3660 carminum
854 3611 1075 3673 Homericoruru‚
1095 3627 1166 3676 qnae
1179 3610 1342 3662 Florentiae

206 3671 271 3723 1488
283 3672 397 3736 prodiit,
414 3673 554 3753 invenitur
565 3676 734 3741 praefationi
746 3677 864 3728 insertus
876 3678 921 3729 bic
933 3677 1052 3731 libellus.
1082 3679 1127 3729 Br.

272 3740 329 3871 iil
331 3737 485 3873 uuna
494 3742 615 3861 ‘attan
623 3742 723 3877 {tlt
735 3744 768 3878 ‚¹3
777 3761 802 3861 1·
835 3746 1057 3881 utut-‘ru
1070 3748 1140 3866 aa
1161 3811 1234 3882 [a]

271 3870 477 4005 ffiffibses'ggg
485 3876 597 3995 rltpnlqaq
609 3880 969 4017 inhilaliaH'agthu[H⁸5
982 3882 1040 3935 446.
1062 3879 1133 3950 [Ba]

523 3962 605 3996 .ra.
658 3965 718 3999 ros.
772 3986 816 4001 ..
865 3989 871 4002 .
929 3967 949 4001 r.

272 4005 319 4071 †*l
338 4010 369 4059 In
386 3961 561 4076 praenitens
578 3964 707 4068 ediiionis
718 4017 846 4081 Homeri,
865 4034 935 4084 quae
949 4017 1053 4086 prodiit
1063 4018 1261 4070 hmstelodanr.
1278 4016 1339 4069 1707

205 4078 278 4145 apud
291 4077 425 4129 Wctsten.
447 4076 523 4198 [qu

272 4142 339 4211 ††*)
357 4146 389 4197 In
401 4146 506 4199 Bibliot
526 4186 532 4200 .
548 4150 646 4204 Graec.
659 4152 680 4204 I.
693 4171 720 4220 p.
732 4152 782 4205 319
794 4170 852 4220 seq.
866 4151 923 4221 (ed.
936 4153 1072 4221 socruum),
1086 4155 1133 4206 ubi
1146 4154 1263 4205 aliorum
1275 4170 1338 4220 quo·

205 4231 257 4285 que
269 4214 374 4265 iudicia
387 4214 546 4268 afferuntur.
575 4218 629 4270 Sed
641 4222 696 4272 vid.
709 4221 749 4272 ibi
761 4237 867 4288 qnoque
880 4238 950 4287 qnae
964 4223 1107 4276 adnotavit
1119 4223 1230 4274 Harles.
1250 4220 1325 4340 [ΒἻΙ

271 4279 357 4349 †††*)
376 4284 436 4335 Vid.
448 4284 582 4338 Herodoti
594 4291 654 4339 vita
666 4289 792 4353 Homeri,
806 4289 853 4341 Gr.
867 4296 896 4340 et
907 4292 970 4342 Lat.
984 4291 1013 4342 ia
1026 4291 1048 4342 Ι.
1064 4291 1205 4353 Rcinoldii
1216 4292 1293 4342 Hist.
1318 4290 1336 4326 '-

204 4357 300 4404 teraru
314 4352 429 4404 Graece.
443 4359 472 4403 et
483 4353 558 4406 Latt.
577 4356 658 4409 Etou.
673 4357 747 4408 1752.
765 4356 790 4408 8.
811 4354 883 4426 [Bm]
