2826 5132
67 338 71 347 ’
133 370 195 433 374
567 355 833 418 nunonem

132 540 260 630 τοιῷδε.
292 533 484 626 ἐξυφήνασα
498 530 692 622 Ἄμηστρις,
710 525 731 619 ή
748 532 877 621 Ξέρξεω
894 527 996 619 γονή,
1015 534 1122 620 φᾶρος
1137 532 1224 619 μέγα
1241 557 1277 599 τε

133 642 188 709 καί
211 645 363 707 ποικίίον
386 638 442 706 καὶ
465 639 548 723 θέης
565 629 658 717 ἄξιον
685 638 776 703 διδοῖ
790 637 903 723 Ξέρξη.
940 628 958 702 ὁ
984 632 1021 701 dt
1043 627 1160 721 ἡσθεὶς
1183 659 1282 721 περι·

133 739 292 829 βαίλιταί
317 766 353 808 τε
383 740 438 807 καί
467 744 594 827 ἔρχεται
623 731 712 826 παρὰ
734 731 795 823 τήν
821 729 1041 822 Ἀρταΰντην.
1090 728 1211 822 ἡσθεὶς
1235 732 1278 803 ’δὲ

134 844 189 912 καί
213 839 317 930 ταύτῃ
345 842 497 909 έκέίενσε
527 834 635 925 αὐτήν
662 839 810 923 αἰτῆσαι,
841 831 914 905 ὅτι
942 832 1102 922 βούλεταί
1123 840 1159 904 οἰ
1182 836 1279 923 γενέ·

134 956 216 1013 σθαι
239 938 313 1011 ἆντί
342 943 410 1010 ταῖν
439 935 533 1033 αὐτῷ
560 934 839 1027 ὑπουργημένων·
869 933 978 1007 πάντα
1005 932 1069 1025 γὰρ
1098 934 1281 1020 τεύξεσθαι

135 1043 326 1132 αἰτήσασαν.
362 1045 405 1131 τῇ
433 1041 470 1111 dl
494 1043 604 1121 κακῶς
626 1036 690 1130 γὰρ
714 1045 787 1109 ἔδει
809 1046 967 1127 πανοικίῃ
989 1041 1165 1125 γενέσθαι,
1196 1035 1283 1126 πρὸς

134 1149 238 1216 ταῦτα
261 1143 332 1213 εἰπε
354 1145 475 1233 Ξέρξη·
509 1141 640 1223 Asiaene
663 1170 719 1231 μοι
741 1137 777 1210 τὸ
800 1136 842 1209 ἄν
859 1161 898 1209 σε
921 1137 1063 1228 αἰτήσας
1085 1133 1104 1208 ὅ
1129 1139 1186 1228 δὲ,
1213 1143 1284 1209 πᾶν

134 1250 260 1337 μᾶλλον
278 1247 405 1314 δοκέων
424 1246 556 1332 ἐκείνην
574 1247 724 1333 αἰτήσαι,
741 1237 937 1331 ὑπισχνέετο
955 1243 1010 1310 καί
1029 1237 1157 1329 ὤμοισι.
1187 1234 1212 1329 ἡ
1233 1241 1284 1327 dl,

136 1343 180 1429 ὦς
206 1344 339 1436 ὤμοισι,
362 1338 469 1426 nitens
493 1347 594 1414 αἰτέει
616 1341 653 1414 τό
676 1347 791 1434 φᾶρος.
824 1344 948 1433 Ξέρξης
971 1343 1010 1411 dl
1033 1357 1193 1423 παντοῖος
1218 1344 1284 1430 ένί-

49 1501 50 1505 =
135 1476 222 1537 νετο,
240 1444 281 1518 οὐ
300 1445 501 1536 βουλόμενος
520 1449 653 1515 δοῦναι·
679 1441 746 1515 κατ’
765 1441 845 1514 ἄλλο
862 1445 924 1533 μὲν
940 1439 1054 1532 οὐδὲν,
1073 1441 1286 1534 φοβεόμενος

137 1612 251 1664 oonsilio
275 1627 367 1662 omnes
397 1612 456 1661 iere
482 1626 527 1665 res
551 1611 680 1676 publicae
732 1616 775 1659 ter
796 1609 826 1659 in
846 1607 1003 1674 Evangelio
1025 1606 1052 1658 S.
1069 1608 1162 1658 Marci
1178 1608 1235 1671 VI,
1254 1609 1288 1657 22

135 1685 318 1747 peragantur:
349 1695 420 1745 qnae
444 1678 573 1728 mulieres
596 1692 681 1742 quan·
733 1675 1289 1741 eeqq.,enmiierodesnatalieiasnaee·

136 1754 193 1797 tum
207 1748 310 1797 abusae
329 1747 433 1796 inerint
446 1746 500 1796 hae
514 1746 680 1796 auctoritate
732 1744 856 1795 lebraret
869 1760 901 1792 ne
914 1743 974 1793 filia
986 1758 1078 1794 eoram
1091 1758 1159 1808 rege
1174 1759 1210 1794 ae
1224 1760 1287 1811 pro-

137 1815 171 1865 ad
193 1815 318 1881 privatae
341 1814 509 1879 cupiditates
531 1813 681 1878 explendas
733 1812 842 1862 aeribus
855 1810 1289 1877 saltassetiisdemqneplaeuis-

137 1887 184 1933 aut
191 1882 225 1932 ad
232 1897 310 1932 omne
318 1881 681 1931 crudelitatisexereendum
733 1884 789 1941 set,
808 1879 933 1929 Herodes
948 1878 1058 1944 puellae
1075 1878 1162 1928 dixit:
1186 1885 1288 1996 petes

136 1965 231 2013 genus,
246 1950 315 2000 satis
325 1950 406 1999 docet
414 1949 544 1999 historia:
557 1953 597 2011 nt,
611 1962 680 2013 quae
732 1963 776 1997 me
786 1945 1137 2012 quodeunquevolueris,et
1146 1946 1185 1996 da
1208 1948 1289 1997 otibi

135 2018 162 2067 h.
177 2017 194 2069 l.
209 2021 384 2078 enarrentur,
404 2016 438 2065 ad
451 2030 544 2066 verum
559 2017 681 2080 proxime
733 2029 818 2080 usque
832 2014 867 2064 ad
877 2013 1016 2063 dimidium
1027 2014 1107 2079 regni
1115 2015 1185 2064 mei.
1205 2015 1289 2077 Quod

138 2085 272 2134 secedere
285 2084 396 2133 minime
409 2083 573 2133 dubitemus.
591 2083 681 2147 Atque
734 2099 796 2133 eum
827 2097 874 2132 rex
902 2082 1054 2131 iuramento
1081 2080 1288 2143 confirmasset,

137 2151 216 2201 simul
234 2151 409 2201 manifestum
427 2151 458 2199 fit
475 2150 527 2199 hec
541 2166 574 2199 ex
586 2165 682 2199 narra·
733 2149 784 2199 illa
806 2151 927 2200 instante
949 2154 1036 2199 matre
1059 2153 1145 2214 eaput
1168 2150 1289 2200 Ioannis

136 2220 226 2281 tione,
251 2234 304 2283 qne
326 2219 405 2268 modo
426 2218 453 2267 in
470 2232 565 2281 regum
583 2217 682 2267 Persa·
733 2218 879 2283 Baptistae
897 2217 979 2281 petiit
995 2215 1077 2281 idque
1095 2216 1186 2266 etiarm
1200 2219 1290 2284 impe·

137 2302 195 2336 rum
217 2286 367 2351 gynaeceis
385 2286 432 2350 agi
454 2286 562 2335 solitum
585 2285 681 2335 faerit:
733 2286 819 2334 travit
836 2301 853 2333 ι
871 2298 950 2348 rege,
973 2284 1020 2349 qni
1037 2284 1224 2335 eontristatnn
1242 2301 1291 2336 ne

137 2354 165 2403 iu
184 2370 264 2419 quam
281 2369 338 2403 rem
355 2354 462 2417 insigne
482 2358 573 2403 exstat
584 2351 682 2402 Esthe·
733 2352 786 2402 luit
802 2357 896 2402 tamen
912 2350 1050 2417 refragari
1068 2356 1185 2417 propter
1203 2354 1290 2403 tusia-

138 2438 186 2471 rae
200 2421 367 2487 exemplum,
383 2437 464 2486 quam
477 2422 565 2486 ipsam
578 2419 682 2469 nullam
734 2420 848 2470 randum
867 2422 948 2483 atque
965 2434 1094 2484 proceres
1106 2425 1291 2485 praesentes,

139 2489 441 2539 aliamreverainisse
455 2488 682 2554 atqnerimestri·
734 2488 781 2553 qui
798 2487 953 2537 audierant.
983 2487 1063 2548 Quae
1080 2487 1177 2538 omnia
1190 2489 1290 2539 ιιιΙιιιο-

138 2557 213 2613 dem,
240 2556 294 2605 alio
317 2557 427 2607 nomine
449 2557 478 2605 in
500 2555 577 2605 libris
594 2556 683 2605 saeris
733 2555 795 2604 dum
812 2555 915 2605 similia
932 2555 967 2605 iis
983 2553 1125 2616 videntur,
1152 2570 1230 2620 qnae
1255 2557 1290 2606 de

137 2625 303 2685 vocitatam,
319 2624 395 2673 fuere
410 2625 455 2688 qui
468 2623 681 2683 contenderent3
733 2623 824 2673 Xerxe
837 2623 864 2672 h.
877 2622 1066 2673 humantur.

137 2693 192 2741 vid.
206 2691 285 2741 modo
298 2692 406 2740 Winer:
426 2691 559 2741 Bibliseh.
574 2691 683 2740 Realle-
767 2688 802 2739 τ’
819 2683 852 2741 δὲ
874 2689 968 2748 κακῶς
984 2683 1039 2755 γὰρ
1061 2682 1124 2740 ἔδει
1140 2690 1292 2758 πανοικίῃ

137 2761 191 2808 xie.
209 2774 230 2808 s.
250 2774 276 2807 v.
297 2759 317 2808 Ι.
336 2774 362 2823 p.
381 2756 430 2806 412
449 2763 477 2807 et
489 2758 682 2808 Haeverniekr
734 2706 881 2823 γενέσθαι]
900 2758 963 2808 vid.
976 2759 1001 2813 1,
1014 2756 1031 2807 Β
1043 2757 1135 2821 ibique
1148 2763 1226 2809 nott.
1240 2761 1289 2821 IV,

138 2826 253 2875 Einleit.
272 2827 315 2874 ins
327 2826 360 2872 A.
374 2825 405 2872 Τ.
420 2825 461 2886 ΙΙ,
477 2823 498 2872 l.
517 2841 542 2888 p.
556 2825 618 2886 344,
636 2825 682 2890 qui
735 2826 768 2876 79
782 2826 854 2875 etde
868 2840 918 2875 usu
930 2824 1084 2890 particulae
1098 2822 1153 2889 γὰρ
1168 2828 1191 2889 Ι,
1204 2826 1233 2877 8.
1244 2829 1291 2878 24.

138 2892 234 2941 merito
259 2893 287 2941 id
310 2892 423 2952 reiecit3
448 2906 482 2940 ae
506 2906 592 2955 nuper
611 2892 684 2941 idem
735 2885 1171 2958 Ιίοοοοτῇίἰιιοιιοᾶπανοιτίη
1185 2896 1292 2946 referri

138 2960 239 3009 statuit
255 2958 373 3008 Niekes:
397 2959 440 3008 De
457 2956 593 3008 Estherae
614 2958 683 3009 libro
735 2977 816 3027 posse
826 2960 897 3010 bene
907 2959 1177 3025 monetSelrweigln.‚
1188 2962 1245 3013 sed
1256 2963 1293 3013 ad

138 3027 169 3075 P.
183 3026 204 3075 Ι.
218 3040 282 3089 pag.
296 3025 327 3074 31
341 3040 416 3090 seqq.
430 3026 556 3090 inprimis
573 3042 637 3091 pag.
651 3027 684 3077 34
736 3028 885 3079 mulierem.
927 3027 995 3078 Nam
1023 3027 1095 3077 idem
1124 3032 1170 3077 est
1201 3046 1239 3081 ao
1267 3032 1294 3081 si

138 3108 211 3157 seq,
232 3092 378 3142 Estheram
390 3097 449 3143 toto
462 3091 540 3143 eoelo
556 3094 591 3143 ab
603 3096 684 3144 Arne·
736 3096 853 3146 dixisset
868 3095 980 3144 Noster:
1003 3086 1021 3161 ή
1041 3087 1088 3155 δὲ,
1111 3094 1210 3155 κακῶς
1234 3096 1293 3161 γάρ

139 3160 223 3211 stride
240 3160 345 3209 distare
358 3165 448 3222 reete,
473 3161 497 3210 si
516 3161 682 3225 quidvidee,
736 3157 766 3214 oi
789 3156 851 3213 tuse
875 3160 1014 3228 πανοικίῃ
1034 3156 1190 3227 γενέσθαι,
1222 3158 1293 3216 εἰπε

139 3228 329 3292 pronuntians.
359 3228 414 3278 Sed
430 3227 502 3278 haee
520 3233 548 3277 et
566 3229 684 3279 aliahn·
736 3224 839 3296 Ξέρξη.
870 3230 911 3279 Ad
934 3245 1031 3280 vooem
1051 3229 1207 3296 πανοικίῃ,
1235 3250 1294 3283 ean

139 3296 290 3346 inseemodi
302 3295 400 3346 lubens
412 3295 458 3346 hic
470 3301 591 3349 munseo.
735 3305 791 3349 tota
801 3300 881 3355 domo,
891 3298 998 3361 fanilla,
1012 3297 1214 3348 contentari
1225 3301 1291 3362 vu,

173 3351 384 3429 ὅτιβούλεται]
401 3365 445 3414 De
462 3364 514 3414 hoc
533 3364 684 3415 indicativo
736 3365 777 3417 39.
806 3365 839 3415 In
855 3366 948 3415 verbis
969 3363 1030 3415 πᾶν
1046 3363 1155 3429 μᾶλλον
1173 3361 1294 3418 δοκέων

138 3432 202 3481 vide
215 3432 334 3482 sisnott.
349 3432 424 3494 adl,
441 3430 495 3482 163.
514 3432 560 3481 sic
573 3432 624 3489 IX,
638 3430 683 3480 III
736 3425 852 3498 ἐκείνην
873 3426 989 3497 αἰτήσαι
1009 3433 1122 3497 Madvig
1142 3433 1173 3481 in
1192 3434 1293 3486 Philo·

139 3491 249 3547 ποιέειν
261 3491 295 3548 τοὶ
309 3491 449 3564 βούλεται.
481 3499 685 3560 Quodanteee-
737 3500 946 3565 log.Suppl.II.
964 3501 1075 3566 pagwid
1092 3500 1233 3565 poetalis
1246 3504 1293 3552 in·

139 3566 180 3615 dit
197 3559 325 3631 αἰτήσαι,
346 3567 374 3615 in
387 3560 496 3617 αἰτέειν
513 3570 613 3616 mutari
627 3566 685 3617 vult
736 3569 792 3619 seri
804 3567 862 3617 vult
874 3556 920 3617 ἄν.
947 3568 1007 3630 Quo
1021 3566 1204 3618 tameuhand
1216 3586 1293 3635 opus

138 3633 232 3681 Nabar
249 3633 277 3680 in
293 3632 426 3683 Mnemos.
439 3635 485 3684 1v.
501 3651 527 3699 p.
544 3633 574 3684 19
591 3634 626 3685 ob
644 3633 684 3684 sl·
735 3636 852 3686 videtur.
882 3637 925 3685 De
937 3633 1038 3687 vooula
1049 3626 1141 3692 οἶδεοῖς
1153 3633 1224 3697 (sine
1237 3642 1293 3687 allo

140 3705 228 3748 terum
240 3700 332 3748 Nostri
346 3700 435 3750 losum
446 3702 491 3760 VI,
501 3701 544 3751 48.
563 3702 593 3750 ln
607 3717 683 3767 seqq.
736 3710 813 3762 metu,
832 3703 894 3753 nitu
908 3705 992 3753 verita
1010 3718 1056 3752 nee
1075 3704 1210 3769 quidquam
1228 3708 1295 3755 nan

140 3767 329 3816 accusativum
351 3761 447 3818 πάντα
469 3769 503 3818 ed
524 3762 685 3834 αἰτήσασαν
734 3770 877 3835 suspicans)
887 3770 944 3820 vid.
954 3770 1080 3836 plurima,
1092 3784 1162 3835 qnae
1173 3771 1203 3820 in
1212 3772 1292 3823 The·

140 3833 230 3883 reiero
247 3848 336 3897 neque
355 3836 389 3884 ad
407 3829 573 3896 τεύξεσθαι.
606 3836 686 3898 Quod
737 3853 818 3889 sauro
831 3838 912 3903 Ling.
931 3838 1031 3889 Graan.
1048 3839 1070 3889 1.
1085 3853 1149 3904 pag.
1168 3837 1221 3888 624
1242 3839 1291 3890 ed.

140 3899 175 3949 ad
204 3905 393 3964 argumentum
424 3904 536 3961 attinet,
567 3905 684 3954 similem
736 3905 1062 3972 Dindorf.prot⁴ernntur.

139 3982 249 4032 prorsus
272 3969 301 4017 in
325 3969 432 4019 modum
457 3971 601 4021 Persarum
627 3988 683 4035 ren,
770 3975 909 4031 παντοῖος
929 3963 1049 4038 ἐγένετο]
1075 3973 1093 4024 i.
1113 3988 1137 4025 e.
1154 3975 1182 4023 ιἰι
1198 3989 1291 4025 onnes

140 4036 198 4085 sive
218 4036 322 4085 Xerxes
340 4038 426 4086 tuerit
447 4038 506 4089 sire
525 4037 596 4088 alins
614 4040 683 4104 quis,
735 4056 764 4091 se
785 4042 909 4091 convertit
928 4041 1043 4105 fomes,
1066 4044 1286 4104 onninamente,

140 4103 284 4153 Esthernm
304 4103 465 4169 alloquitur,
490 4110 520 4155 ut
537 4106 601 4171 quid
617 4106 686 4157 velit
737 4108 836 4173 quibus
848 4106 925 4157 illem
944 4113 1083 4159 averteret
1096 4109 1208 4172 einsque
1219 4125 1291 4173 pre·

140 4177 254 4236 petatve
268 4173 405 4234 enuntiet,
426 4172 561 4224 adiiciens
574 4190 603 4224 se
617 4174 685 4224 illud
737 4190 784 4226 ees
797 4181 945 4226 amoveret
975 4175 1036 4225 Vid.
1050 4176 1102 4233 III,
1122 4174 1170 4225 124
1187 4176 1226 4225 ibi
1250 4192 1289 4227 ne

140 4239 264 4289 datnnun
284 4256 344 4290 esse
362 4256 448 4304 usque
467 4241 502 4290 ad
516 4243 595 4306 regni
608 4242 685 4291 dimi·
736 4247 804 4294 nott.
828 4243 870 4292 Ad
883 4259 958 4308 seqq.
971 4234 1035 4293 κατ’
1048 4231 1117 4293 ἄλλο
1130 4241 1183 4307 μέν
1194 4193 1291 4294 eills

140 4307 228 4370 dium;
242 4307 296 4358 vid.
309 4308 419 4360 Esther.
434 4310 465 4373 V,
478 4308 503 4358 u.
527 4310 622 4375 Neque
636 4309 685 4360 ali·
737 4311 774 4361 oi.
788 4314 855 4362 nott
872 4310 907 4361 ad
919 4310 987 4362 VIII
994 4347 1001 4374 ,
1015 4308 1059 4363 ³0.
1088 4312 1153 4362 Mox
1169 4311 1288 4371 retinui,
