2866 5134
204 399 260 458 DE
282 399 386 458 VITA
408 399 466 458 ΕΤ
489 397 681 459 SCRIP'I'IS
704 394 941 456 HERODOTI.
1076 401 1138 463 423

36 572 102 625 alten
111 570 135 624 iu
147 576 218 641 parte
229 569 355 623 Antonini
369 569 541 640 imperatoris
551 568 695 638 imaginem
707 568 799 622 addita
810 567 1000 638 inscriptione,
1010 570 1039 622 in
1052 570 1138 624 altera

36 664 96 727 parto
108 655 239 723 inaginem
254 655 366 726 capitis,
393 656 468 727 quod
482 654 618 709 Herodoti
637 672 700 708 esse
723 659 752 707 et
772 654 936 724 comparatio
960 671 1020 707 cum
1038 655 1085 708 illo
1099 656 1136 708 la·

37 742 83 811 pide
94 748 118 795 et
128 742 199 811 ipsae
212 740 307 794 literae
322 740 444 794 adiectae
458 741 629 795 confirmant.
654 739 699 792 Cl.
716 738 815 792 Millin.
828 738 936 792 Annali.
948 740 1136 811 Encycloped.

39 830 84 879 1817
97 824 161 878 Aout
171 844 198 895 p.
215 827 382 879 218-220.“
411 826 545 897 Equidem
563 825 644 896 plura
659 826 760 878 afferre
775 842 830 877 non
846 824 939 877 babeo.
971 825 1052 888 Quae
1067 827 1137 880 enirn

38 910 256 980 rprdGrcnovium
280 917 391 964 ustam
412 911 441 963 in
457 912 569 982 Antiqq.
586 912 702 963 Graeco.
728 910 765 962 Π.
789 911 846 961 tab.
869 907 956 961 LXXI
977 909 1038 962 coll.
1060 911 1136 964 Mus.

40 994 125 1064 Capitol.
138 996 158 1047 Ι.
178 996 233 1049 tab.
249 994 350 1048 LXVII
372 1002 400 1048 et
414 995 631 1049 Wiuckebuann.
646 994 721 1046 Hist.
739 993 798 1047 Art.
814 994 862 1046 IV.
880 994 918 1045 lV
931 994 1019 1065 (Opp.
1036 996 1072 1048 T.
1089 996 1136 1064 Vl,

41 1082 56 1130 1.
66 1097 86 1147 p.
97 1081 126 1134 ao
138 1088 162 1133 et
176 1084 200 1134 2.
214 1100 242 1151 p.
257 1082 315 1147 44),
337 1097 417 1150 quem
438 1081 566 1151 sequitur
578 1079 694 1133 Gurlitt.
710 1077 890 1147 Archaeolog.
905 1079 1018 1132 schrift.
1034 1099 1062 1150 p.
1075 1084 1136 1148 287,

39 1163 159 1218 isneliora
172 1165 281 1218 edocuit
295 1164 455 1219 Viscontius
470 1182 486 1219 a
500 1166 641 1220 Creuzero
660 1163 759 1216 allatus
775 1162 792 1216 l.
808 1162 826 1217 l.
855 1164 911 1228 Qui
928 1164 999 1217 idem
1015 1165 1136 1218 Crenae-

38 1257 161 1317 ruspostea
172 1251 237 1304 hacc
251 1249 360 1303 adiicitx
380 1251 454 1319 „Est
469 1251 548 1306 etiam
568 1255 693 1322 protome
709 1265 857 1302 marmorea
878 1249 905 1301 iu
929 1266 1022 1302 museo
1045 1250 1135 1303 Comi-

37 1340 73 1385 tun
85 1334 112 1387 da
124 1333 224 1403 Erlaclr,
243 1353 323 1406 quam
333 1335 468 1389 Herodoti
483 1354 546 1390 esse
560 1336 664 1402 dicunt,
679 1352 730 1386 nec
741 1334 884 1387 Viscontio
898 1352 988 1404 neque
1000 1334 1135 1405 cuiquam,

35 1418 87 1485 quod
98 1419 179 1489 scium
202 1427 361 1474 memorata:
383 1421 463 1474 cuius
486 1427 611 1491 ectypam
633 1437 648 1472 e
662 1436 752 1490 gypso
764 1419 908 1487 imaginem
920 1419 1063 1473 Francisci
1080 1421 1136 1473 Co·

33 1501 142 1559 uitiatori
159 1507 309 1577 μακαρίτου
331 1506 533 1559 marrilicentiae
552 1511 688 1575 acceptam
717 1505 893 1558 referimus.“
926 1503 1054 1557 Ridicula
1077 1506 1135 1559 iere

33 1585 96 1655 imago
108 1591 266 1660 conspicitur
285 1591 313 1643 in
331 1592 424 1643 ironte
442 1591 543 1660 operia,
559 1591 632 1663 quod
648 1589 825 1642 inscribitur:
848 1588 996 1642 lllnstrirte
1012 1589 1135 1657 Weltge·

33 1672 131 1726 subicite.
159 1677 209 1728 Ein
226 1676 302 1729 Bucb
328 1675 397 1728 iisr's
420 1675 492 1728 Vollr
518 1693 571 1728 von
588 1674 659 1727 Held
685 1674 741 1727 und
757 1673 872 1727 Coruin.
900 1673 1025 1744 Leipzig.
1053 1676 1135 1728 1844:

33 1756 142 1812 exhibetur
154 1762 221 1814 enirn
228 1760 389 1816 Herodotus
403 1769 485 1831 caput
500 1759 602 1814 corond
617 1759 734 1825 cinctus,
750 1759 797 1830 qui
815 1758 915 1812 sedens
930 1759 1136 1813 inGraecorum

36 1851 137 1897 mnrmtu
151 1845 289 1899 historiam
305 1863 381 1899 suam
395 1845 539 1915 praelegit.

525 2018 551 2080 s.
573 2018 599 2066 τ.

93 2163 176 2220 Velex
198 2169 247 2233 iis,
267 2184 339 2238 quae
365 2171 429 2219 aute
454 2166 686 2235 disputationum,
712 2165 782 2217 bene
809 2165 975 2234 intelligitur
1000 2184 1054 2217 non
1078 2183 1133 2220 uno

39 2245 247 2317 eodemquetcnore
258 2252 430 2304 Herodotum
446 2269 497 2303 sua
512 2250 666 2302 absolvisse
689 2249 789 2302 itinera
809 2268 859 2302 nec
881 2258 985 2303 certum
1006 2258 1134 2304 constare

37 2330 132 2400 ordinem,
145 2353 194 2407 quo
210 2337 258 2390 illa
273 2336 432 2406 perfecerit.
468 2335 500 2387 Id
517 2353 599 2388 unuin
620 2335 681 2387 iure
698 2334 816 2405 quodam
831 2335 910 2388 uobis
926 2353 1033 2388 sumere
1051 2353 1133 2404 posse

37 2413 136 2486 ridemur,
163 2420 250 2490 illum,
282 2432 425 2491 antequam
454 2420 597 2490 Olympiae
628 2419 773 2472 recitasset
802 2420 980 2489 Tburiosque
1008 2420 1133 2487 abiisset,

40 2512 158 2567 perqrassc
184 2513 211 2560 et
237 2506 332 2559 Asiani
362 2513 389 2559 ct
411 2505 528 2558 Africam
555 2509 597 2573 et,
623 2503 698 2576 quod
720 2504 783 2556 mibi
807 2511 881 2557 certe
905 2512 949 2557 est
972 2505 1030 2557 veri
1052 2505 1135 2557 simil·

42 2579 117 2649 linari,
132 2588 265 2664 plerasque
291 2591 371 2642 etiam
389 2590 479 2660 ipsius
496 2590 631 2643 Graeciae
650 2595 758 2658 partes3
780 2607 797 2640 a
811 2588 925 2641 Thirriis
939 2588 1004 2641 iude
1019 2591 1135 2643 eundem

45 2666 167 2730 bilbabam
188 2676 361 2743 inferiorem,
386 2675 505 2728 Siciliam
535 2682 562 2728 et
594 2674 710 2727 forsitan
737 2675 816 2727 etiam
843 2674 942 2726 iterum
968 2693 1019 2743 per
1049 2675 1136 2744 ipsam

46 2748 142 2808 Graeciam
163 2760 320 2813 instituisse
344 2760 460 2828 itinera,
486 2752 658 2813 indefessum
684 2766 712 2811 ct
738 2759 765 2811 in
792 2776 844 2813 suo
866 2777 950 2828 opere
967 2760 1134 2828 perficiendo

45 2840 101 2888 totsu
111 2853 261 2915 occupatum.
296 2845 351 2898 Sed
366 2845 445 2915 plura
460 2851 488 2897 et
504 2844 674 2897 accuratiora
690 2843 724 2896 de
740 2845 781 2896 bis
797 2844 945 2896 itineribus
957 2844 1059 2898 afferre
1075 2846 1135 2897 vix-

43 2916 171 2980 donlicebit.
202 2931 305 3001 Neque
319 2929 391 2983 enirn
405 2930 429 2982 is
441 2939 485 2983 est
498 2930 667 2996 Herodotus,
683 2929 731 2997 qui
746 2928 780 2981 de
795 2948 825 2982 se
841 2929 901 2998 ipse
920 2929 1037 2998 suisque
1053 2929 1134 2982 itine—

41 3001 93 3056 ribus
105 3026 145 3063 nos
157 3015 311 3068 accuratius
327 3020 354 3069 et
369 3014 495 3067 consulto
512 3014 641 3066 edoceat:
659 3014 736 3066 immo
751 3032 805 3066 uon
823 3014 877 3066 nisi
896 3019 1009 3065 coactns
1026 3015 1085 3067 sere
1102 3016 1135 3067 de

39 3083 67 3137 lis
78 3089 181 3166 loquitur,
194 3101 239 3153 ubi
255 3099 362 3152 scilicet
378 3100 498 3152 testibus
513 3098 617 3169 aliquid
629 3098 809 3168 probandum,
825 3105 872 3151 aut
888 3098 971 3151 mirae
988 3105 1072 3169 atque
1093 3100 1135 3151 in-

38 3171 105 3228 solitae
123 3182 155 3233 rei
174 3185 239 3237 fides
258 3185 385 3237 facienda
410 3191 470 3237 erat
495 3183 668 3252 legentibus,
695 3189 743 3235 aut
765 3182 965 3236 incredibilium
992 3200 1082 3236 rerum
1107 3184 1135 3235 in

40 3263 156 3319 samone
173 3286 249 3323 suurn
265 3269 355 3340 ipsius
372 3276 468 3339 utpote
481 3270 541 3321 suis
554 3268 620 3321 baec
636 3269 722 3322 oculis
737 3268 910 3338 inspicientis
926 3269 1076 3321 auribusve
1092 3285 1135 3321 ac-

42 3337 128 3408 iilltliifl
141 3354 321 3407 testimoninm
340 3362 400 3407 erat
421 3353 621 3423 adponendum.
651 3354 749 3424 ltaque
775 3371 825 3405 nec
846 3353 879 3404 de
901 3349 1066 3422 ternpore*),
1086 3370 1136 3405 nec

41 3420 62 3474 ll
72 3431 158 3504 lidius,
172 3456 225 3507 quo
240 3438 367 3507 singulas
383 3439 442 3491 illas
458 3439 613 3491 instituerit
629 3437 886 3507 peregrinationes,
906 3454 956 3489 nec
970 3437 1004 3489 de
1020 3437 1136 3503 ratione,

38 3524 75 3574 'l'la
90 3514 138 3571 illas
155 3523 265 3589 lecerit,
284 3541 343 3576 curn
358 3524 425 3577 certi
442 3523 508 3594 quid
524 3522 656 3575 constitui
670 3523 770 3591 possit,
786 3522 813 3574 id
833 3538 915 3574 uirium
934 3527 1029 3589 restat,
1049 3528 1078 3573 ut
1093 3540 1136 3574 re-

37 3592 106 3655 gion„
126 3608 150 3655 et
170 3607 226 3661 loca
252 3609 421 3676 indicemus,
447 3608 481 3661 ad
505 3624 576 3678 quae
599 3606 762 3677 pervenisse
777 3607 911 3658 Nostrum
926 3624 959 3657 ex
975 3606 1035 3675 ipso
1054 3625 1136 3675 opere

38 3687 150 3746 'lliffllile
166 3703 236 3745 certo
255 3693 348 3763 colligi
364 3693 462 3763 possit.
491 3694 555 3756 Qua
569 3692 597 3744 in
614 3711 643 3744 re
656 3709 715 3743 com
731 3697 795 3760 post
811 3689 879 3742 alios
891 3691 968 3743 viros
983 3691 1080 3743 doctos
1090 3688 1135 3761 **)

53 3794 189 3815 “R-

69 3862 101 3941 fl
115 3870 143 3920 ln
153 3872 309 3927 Artaxerxis
329 3880 460 3933 aetatem,
479 3876 524 3940 qui
537 3875 636 3925 Xerxis
649 3873 721 3923 filius
732 3872 797 3922 huic
815 3873 868 3937 ipsi
887 3874 1030 3934 sirceessit,
1049 3874 1136 3923 Hero·

40 3924 76 3977 doti
90 3933 174 3990 itinera
191 3944 283 3994 reiicit
294 3942 461 3993 Dahlmann.
481 3942 497 3993 l.
511 3943 529 3992 l.
543 3960 569 4008 p.
583 3943 624 3993 54.
660 3942 716 3990 Nos
729 3940 796 3989 illud
809 3941 885 3991 modo
899 3941 1039 3991 affirmare
1053 3941 1135 3991 oude-

40 4002 186 4079 dllruiiinern
203 4011 237 4060 ab
254 4012 394 4061 Herodoto
418 4012 578 4076 porriciam
605 4016 632 4060 ct
650 4009 773 4058 Africum
798 4009 874 4058 facta
893 4009 992 4059 cariora
1012 4015 1076 4059 anto
1095 4024 1136 4058 re·

38 4070 160 4123 tilatroncm
171 4077 358 4145 Olympiacam
377 4077 442 4143 (vid.
461 4094 545 4143 supra
562 4082 586 4141 §-
604 4078 630 4141 4)
650 4077 767 4142 indeque
788 4077 953 4127 ariteccdere
973 4093 1073 4126 aurium
1086 4077 1136 4124 444

39 4136 82 4202 ΨΘ
96 4135 150 4189 ⁰¹1¹·
166 4159 190 4194 ¹1·
225 4147 302 4197 Unde
326 4148 379 4197 iter
401 4147 430 4195 iu
447 4146 600 4212 Aegyptum
618 4150 774 4210 susceptum
799 4146 875 4194 circa
898 4160 998 4207 annum
1023 4143 1074 4193 450
1091 4143 1137 4193 val

39 4203 106 4322 *14444828
103 4220 178 4260 anuos
195 4214 326 4264 454-444
344 4213 528 4280 probabiliter
545 4215 609 4280 poni
628 4214 745 4263 diximus
764 4214 792 4262 in
811 4218 878 4263 nott.
899 4212 933 4262 ud
951 4213 985 4269 11,
1007 4210 1030 4261 l.
1060 4212 1093 4260 Τ.
1111 4212 1134 4262 Ι.

40 4390 52 4445 ,t
65 4332 218 4479 iiiiii?
238 4351 338 4416 Googr.
353 4349 469 4401 Graeco.
491 4353 518 4399 et
532 4350 633 4399 Romm.
653 4351 673 4407 l,
696 4348 717 4398 l.
737 4365 762 4413 p.
778 4348 809 4397 71
829 4364 915 4413 seqq,
933 4346 1099 4397 Dsblmann.
1118 4345 1135 4394 l.
