2866 5134
285 412 346 475 436
702 406 1017 469 ΟΟΜΜΕΝΤΑΤΙΟ

369 581 475 633 Contra
501 581 605 651 aliquot
629 598 697 633 sane
721 579 749 632 in
765 579 900 633 Herodoti
919 578 997 631 libris
1022 580 1211 649 superstitibus
1231 577 1367 629 inveniuntur

285 667 345 733 loci,
361 667 389 717 in
407 667 508 736 quibus
520 667 686 719 Hecataeum
700 664 744 718 rel
759 682 891 734 expresse
906 664 950 716 rel
964 664 1047 716 tacite
1062 666 1148 732 tangi,
1159 664 1257 716 dubiam
1268 678 1318 713 esse
1330 676 1366 711 ooo

284 758 385 821 potest.
417 751 548 804 cavillari
563 753 729 804 Hecataeum
744 757 772 802 et
786 749 939 819 aequalium
953 749 1022 802 risui
1038 767 1172 819 exponere
1185 749 1278 801 Noster
1291 744 1368 797 videtu

283 837 320 903 11,
339 839 396 905 143,
416 838 461 890 ubi
481 837 536 889 vid.
555 842 624 888 nott.
640 835 701 888 Vol.
722 836 745 887 1.
761 852 788 903 p.
805 838 857 887 755
874 843 903 886 et
915 833 977 886 add.
992 833 1127 888 Klausen.
1143 834 1159 886 Ι.
1174 833 1190 884 l.
1205 851 1229 903 p.
1241 835 1256 885 6
1268 848 1324 899 seq.¹
1336 844 1369 879 ute

282 921 378 973 melius
407 922 523 975 eundem
549 928 650 974 tractat
674 920 721 986 Vl,
739 922 788 973 137
803 917 865 971 coll.
880 917 914 985 V,
929 920 972 983 36,
997 919 1044 970 ubi
1063 919 1212 972 Hecataeus
1229 914 1312 968 bellum
1329 928 1369 964 can

283 1006 378 1059 Persis
403 1006 552 1059 ineundum
576 1005 743 1058 dissuadens
769 1004 898 1057 laudatar
917 1002 1011 1055 addito
1038 1004 1120 1057 titulo
1134 1006 1181 1058 rod
1199 1000 1333 1070 λογοποιοῦ,
1343 1004 1370 1046 'tt

283 1091 398 1157 11,143.
427 1091 502 1154 Quin
526 1091 653 1143 acerbius
674 1090 842 1142 Hecataeum
863 1088 955 1157 tangit
975 1088 998 1156 I,
1019 1091 1079 1156 146,
1104 1090 1150 1141 abi
1168 1089 1201 1140 cf.
1221 1091 1282 1139 nott.
1298 1080 1369 1135 toll.

282 1194 309 1245 p.
326 1178 378 1229 300
401 1182 429 1227 et
448 1176 580 1229 Klausen.
606 1175 624 1228 l.
646 1175 663 1227 1.
681 1193 708 1244 p.
726 1177 784 1240 108,
806 1174 843 1241 11,
866 1176 909 1226 21.
925 1174 968 1239 23,
981 1173 1028 1226 ubi
1043 1173 1100 1226 vid.
1123 1181 1191 1227 nott.
1205 1172 1260 1223 Vol.
1274 1170 1294 1221 l.
1306 1187 1327 1237 p.
1337 1167 1370 1219 111

282 1259 343 1313 coll.
358 1259 406 1327 IV,
422 1262 449 1313 8.
467 1279 493 1330 p.
508 1264 570 1315 302.
586 1259 647 1311 Vol.
663 1259 691 1311 11
706 1259 797 1336 etJV,
809 1262 853 1313 36.
868 1275 933 1328 pag.
949 1260 1010 1325 371,
1026 1258 1095 1311 adeo
1112 1266 1143 1311 ut
1155 1265 1240 1310 terrae
1249 1250 1370 1320 descriptis

282 1362 340 1397 nem
355 1344 461 1396 minime
477 1364 509 1398 ex
525 1346 664 1398 Hecataeo
680 1344 854 1414 repetendam
870 1342 1045 1407 crediderim,
1068 1350 1099 1395 ut
1120 1342 1273 1414 quibusdam
1289 1334 1371 1408 plectit:

281 1432 317 1482 cf.
342 1428 520 1498 annnigerr
543 1430 584 1482 De
606 1429 774 1498 geographia
794 1427 930 1481 Herodoti
949 1446 977 1497 p.
991 1431 1018 1495 5,
1035 1428 1199 1481 Grotasend.
1215 1423 1370 1492 Geugrqlm.

283 1514 383 1567 Gesch.
412 1533 439 1566 r.
467 1513 569 1567 Altital.
596 1515 620 1568 1.
647 1533 673 1584 p.
699 1517 740 1566 14.
779 1513 870 1583 Atque
887 1513 966 1565 etiam
983 1512 1017 1566 de
1032 1507 1371 1582 CaspiomariquaeNostu

281 1598 377 1651 scribit
391 1616 457 1652 vera
473 1600 495 1667 1,
512 1603 572 1665 202,
589 1616 621 1651 ea
637 1606 732 1651 contra
746 1598 928 1665 Hecataeum,
950 1598 998 1668 qui
1015 1598 1147 1668 Caspium
1160 1614 1230 1650 mare
1245 1613 1289 1665 pro
1302 1585 1369 1643 aad

280 1684 342 1735 sinu
371 1684 505 1749 habuerit,
533 1684 637 1753 scripta
660 1701 723 1736 esse
749 1682 891 1736 contendit
907 1682 1040 1735 Klausen.
1066 1682 1084 1735 Ι.
1105 1682 1123 1734 1.
1144 1673 1371 1753 pag.ll‘2,cuieti=

279 1772 321 1838 (p.
338 1771 402 1835 131)
419 1768 579 1821 Herodotus
599 1768 612 1819 l
616 1768 636 1834 l,
652 1772 684 1822 3:
696 1753 824 1835 Ἕλληνες
846 1763 876 1820 dl
898 1764 1005 1835 λέγουσι
1019 1759 1090 1821 alltc
1111 1787 1143 1822 ra
1156 1763 1255 1836 μάταια
1263 1754 1373 1816 soulsd

279 1847 318 1913 ὡς
337 1854 479 1921 γυναικῶν
497 1850 549 1914 τὰς
569 1847 693 1921 γλώσσας
713 1845 728 1905 ὁ
749 1846 929 1922 Ψαμμήτιχος
948 1846 1074 1921 ἐκταμὼν
1088 1873 1115 1907 a.
1135 1873 1160 1907 τ.
1175 1856 1200 1906 l.
1220 1852 1283 1903 banc
1299 1841 1374 1899 atate

279 1936 488 2006 discrepantiam
504 1939 531 1990 in
548 1937 680 1990 Hecataei
699 1936 770 1990 libro
790 1937 893 2005 legisse
911 1936 1029 2004 videtur,
1046 1937 1152 2008 quique
1166 1942 1207 2007 (p.
1225 1936 1283 2001 128)
1296 1927 1374 1985 eandsa
1411 1973 1412 1987 .

278 2022 444 2075 Hecataeum
465 2022 581 2091 intelligi
603 2030 631 2074 et
649 2022 750 2091 respici
771 2028 851 2091 putat
865 2022 903 2089 11,
921 2024 952 2073 15
967 2023 994 2074 in
1010 2022 1055 2089 iis,
1067 2040 1140 2092 quae
1156 2021 1281 2075 derebus
1295 2027 1374 2085 geogr*

279 2106 366 2174 pbicis
381 2107 462 2160 lones
475 2112 611 2175 statuunt,
628 2114 656 2159 et
667 2107 704 2173 11,
722 2109 771 2159 lou
787 2109 816 2159 in
833 2107 878 2174 iis,
894 2123 964 2175 quae
980 2106 1013 2158 de
1026 2106 1117 2160 insula
1134 2106 1225 2159 mobili
1239 2105 1310 2157 babet
1317 2099 1374 2153 lla*

278 2191 360 2242 dotus
377 2209 471 2261 parum
492 2192 546 2261 ipsi
571 2191 720 2244 credibilia.
755 2191 818 2243 Vid.
837 2193 934 2259 fragm.
950 2191 1047 2243 Hecat.
1067 2210 1094 2261 p.
1111 2196 1173 2247 123.
1205 2189 1373 2243 uenenatas

277 2274 415 2330 Milesium
437 2277 562 2346 aliosque
583 2276 708 2329 Milesios
728 2284 871 2342 auctores,
886 2274 1042 2342 Thaletem,
1059 2275 1299 2339 Anaximandrum,
1311 2262 1372 2322 Arari

277 2377 395 2427 menam,
422 2361 567 2429 Cadmum,
594 2378 710 2430 quorum
731 2361 879 2430 populares
905 2359 1022 2430 plurima
1036 2362 1198 2415 commercia
1221 2351 1368 2430 parsque·

277 2444 394 2515 egerint,
406 2455 519 2499 secutus
534 2446 646 2499 videtur
659 2446 821 2499 Herodotus
834 2446 872 2512 11,
887 2447 930 2510 34,
953 2445 1000 2497 ubi
1014 2452 1109 2498 narrat
1122 2446 1226 2499 Istrum
1247 2436 1310 2513 seba
1322 2435 1369 2489 ttl·
1411 2448 1412 2451 ’

276 2531 344 2583 loir
357 2525 559 2598 γινώσκεσθαιε
583 2531 656 2583 conf.
676 2531 755 2583 etiam
776 2531 814 2598 11,
834 2533 878 2585 33.
900 2526 965 2582 Vol.
980 2530 1005 2583 1.
1023 2549 1051 2600 p.
1066 2533 1118 2585 408
1135 2537 1165 2584 et
1185 2530 1241 2582 vid.
1256 2517 1372 2580 ureret

276 2614 343 2666 Istri
359 2616 437 2668 ostiis
453 2634 480 2685 p.
496 2620 539 2670 20.
577 2616 609 2668 In
626 2616 710 2668 rebus
724 2615 861 2683 Scythicis
876 2615 944 2667 adeo
965 2631 1085 2668 novasse
1102 2614 1237 2668 nonnulla
1250 2608 1375 2665 Hormou·

276 2699 405 2767 opinatur
422 2701 604 2753 Brandstdter
624 2700 772 2768 (Scythice.
791 2719 820 2770 p.
844 2702 885 2754 13.
903 2702 972 2766 la),
995 2707 1026 2751 ut
1037 2699 1196 2767 Hecataeo,
1215 2698 1262 2769 qui
1275 2689 1378 2749 deiude!

275 2782 426 2851 retulisset,
443 2804 474 2838 se
486 2792 648 2856 opponeret.

358 2868 434 2921 Haec
460 2871 569 2940 quidem
595 2869 685 2922 omnia
711 2870 739 2921 in
766 2885 849 2922 unum
874 2876 1050 2938 conspectum
1066 2869 1160 2939 posita
1175 2855 1380 2940 quamquamnllt
1411 2902 1412 2939 3

274 2962 486 3006 commonstrare
512 2954 651 3020 videatur,
677 2954 820 3007 Herodoto
847 2954 988 3021 Hecataei,
1017 2954 1069 3006 viri
1096 2954 1174 3007 iuter
1196 2950 1316 3023 aequales
1335 2956 1379 2994 ⁵⁹⁶³
1411 2982 1412 3023 ;

275 3038 470 3105 eminentioris,
489 3048 519 3092 ut
535 3039 577 3091 vel
594 3039 679 3091 eloco
696 3038 729 3105 V,
746 3041 781 3093 36
796 3045 919 3109 apparet,
936 3038 1039 3108 scripta
1050 3039 1165 3106 cognita
1186 3029 1378 3096 rainsendim

274 3139 385 3192 quoque
402 3122 507 3190 babitu,
527 3141 597 3193 quae
621 3132 733 3193 propter
748 3124 893 3193 scriptoris
909 3119 1137 3191 auctoritatem*)
1153 3124 1277 3177 crebrius
1294 3113 1375 3184 respit*

274 3213 330 3274 ret,
353 3207 460 3260 minime
478 3215 565 3261 tamen
588 3208 655 3260 illud
678 3225 878 3278 usquequaque
899 3208 1009 3261 allicere
1024 3226 1108 3277 posse
1127 3209 1268 3275 videntur,
1282 3199 1374 3257 ntlltst

273 3296 365 3345 dotum
378 3292 510 3346 Hecataei
531 3293 618 3346 libros
642 3293 803 3363 compilasse
827 3293 946 3364 indeque
971 3293 1042 3344 baud
1062 3310 1153 3363 pauca
1174 3295 1203 3346 in
1227 3308 1297 3345 auam
1315 3294 1378 3339 affl·

272 3376 372 3430 tionem
399 3379 579 3432 transtulisse
605 3378 778 3443 arbitremur,
804 3378 966 3446 praesertim
987 3394 1047 3430 cum
1072 3396 1115 3445 ea,
1143 3396 1218 3449 quae
1234 3375 1381 3429 exHecttltl

272 3460 371 3515 hausta
393 3470 540 3532 putentur,
565 3483 580 3516 e
603 3480 654 3515 suo
670 3478 780 3532 quoque
795 3479 869 3531 penu
892 3480 945 3515 non
961 3462 1051 3515 minus
1065 3463 1138 3515 bene
1155 3465 1280 3533 proferre
1293 3447 1383 3529 paroeat
1411 3484 1412 3535 1

272 3545 385 3614 Noster,
406 3566 486 3618 quem
500 3548 554 3600 ista
570 3548 629 3599 loca
644 3547 734 3616 ipsam
749 3546 852 3599 adiisse
868 3563 952 3616 supra
969 3546 1109 3600 evicimus.
1141 3547 1227 3600 Cant.
1246 3546 1318 3598 etiam
1333 3530 1382 3624 uu
1411 3546 1412 3627 1

272 3629 320 3684 ler.
336 3631 355 3685 l.
371 3632 389 3688 1,
405 3632 547 3702 pag.le
563 3652 622 3703 seq.
653 3633 735 3684 Immo
750 3632 821 3684 baud
837 3648 938 3700 pauca,
955 3648 1034 3701 quae,
1052 3638 1083 3683 ut
1097 3631 1140 3683 bis
1160 3638 1240 3699 utar,
1254 3630 1280 3681 in
1294 3624 1384 3691 Aegypt
1411 3630 1412 3693 1

271 3715 456 3787 descriptione
482 3719 516 3770 ab
533 3719 674 3771 Herodoto
690 3716 883 3787 praetermissa
898 3710 1093 3785 miramur**),
1115 3715 1161 3768 vel
1185 3732 1242 3768 eam
1257 3714 1289 3766 ab
1303 3716 1383 3761 caasa!
1411 3700 1412 3795 1

272 3800 305 3851 ab
325 3801 567 3857 Halicarnassensi
589 3803 688 3855 omissa
710 3820 773 3855 esse
794 3800 969 3866 crediderim,
992 3801 1066 3871 quod
1080 3802 1148 3853 haec
1165 3799 1279 3852 uberius
1294 3795 1337 3848 tm
1351 3802 1384 3837 tl·
1411 3798 1412 3871 1

272 3885 362 3953 posita
390 3889 496 3941 viderat
521 3889 555 3941 ab
579 3888 733 3953 Hecataeo,
760 3887 839 3939 cuius
869 3886 973 3956 scripta
998 3885 1109 3939 multum
1134 3885 1263 3938 manibus
1287 3876 1385 3932 terebwt

337 4081 365 4150 *)
382 4086 425 4134 Da
443 4101 497 4149 qua
516 4084 571 4134 vid.
590 4099 660 4149 quae
680 4088 863 4149 exposuerunt
888 4086 1082 4135 Weatermann
1105 4085 1134 4133 in
1152 4082 1243 4147 Pauly
1261 4075 1387 4130 uerteret·
1411 4064 1412 4135 l

271 4152 341 4219 clop.
364 4153 415 4201 111.
433 4168 496 4217 pag.
524 4150 595 4209 1083,
618 4151 751 4202 Creuaar:
775 4152 878 4205 Hister.
903 4154 992 4203 Kunst
1013 4152 1038 4202 d.
1059 4150 1169 4201 Griech.
1190 4168 1217 4217 p.
1235 4146 1284 4198 280
1304 4141 1388 4195 adst·
1411 4144 1412 4221 1

271 4220 360 4277 cuod..
380 4219 471 4268 Mure:
492 4219 605 4281 History
622 4225 674 4270 etc.
694 4220 739 4269 IV.
759 4237 822 4285 pag.
843 4219 900 4271 140.
1411 4222 1412 4267 l

337 4283 379 4352 l⁰¹³)
398 4286 495 4336 Sioda
514 4286 630 4336 Thebis:
649 4288 704 4337 vid.
724 4295 791 4338 nott.
811 4290 846 4338 ad
863 4289 901 4352 11,
922 4288 961 4352 15,
980 4305 1007 4354 p.
1026 4286 1077 4339 463
1095 4293 1124 4337 et
1141 4286 1177 4337 ad
1197 4286 1238 4350 11,
1256 4270 1387 4344 21515432
1411 4290 1412 4327 1

270 4354 329 4405 Vol.
350 4354 363 4402 1
381 4360 494 4419 propter
511 4352 597 4404 multa
616 4354 673 4403 alia
691 4358 720 4403 in
736 4357 819 4406 rebus
831 4357 1013 4422 Aegyptiacis
1032 4356 1067 4406 ab
1078 4355 1221 4406 Herodoto
1240 4350 1344 4403 omium
1358 4336 1386 4387 el.

270 4438 375 4489 qaoque
394 4428 461 4471 nott.
481 4421 515 4471 ad
533 4422 579 4483 VI,
599 4421 639 4471 55.
660 4423 718 4472 Vol.
736 4424 786 4473 ΙΙΙ.
804 4441 830 4489 p.
848 4424 907 4477 203.
