2866 5134
259 372 319 434 438
678 364 994 426 ΟΟΜΜΕΝΤΑΤΙΟ

258 558 291 594 ea
302 539 396 607 tribui,
413 556 484 608 quae
499 539 527 589 in
547 538 683 590 Graecum
699 536 792 606 potius
809 537 950 606 bominem,
967 539 1147 608 sophistarum
1160 544 1186 592 et
1202 537 1349 591 rbetomnin

259 625 360 678 scholis
382 623 515 676 nutritum
537 630 565 675 et
589 623 731 675 educatum
754 623 929 678 conveniant.
968 623 1030 676 Vid.
1054 624 1106 692 ΠΙ,
1127 627 1167 678 71.
1189 628 1228 676 72.
1246 626 1284 676 80.
1297 621 1351 689 V‚t

258 709 308 779 (Τ.
318 708 368 760 ΙΙΙ.
383 726 410 777 p.
423 710 464 775 7).
483 709 514 776 V,
531 712 573 760 24.
591 707 653 771 VH,
673 710 713 759 10.
726 712 752 773 ς.
764 711 780 758 4
793 706 853 758 coll.
868 707 929 775 VII,
947 711 1005 762 102.
1022 711 1080 761 Ι52.
1096 708 1169 775 viti,
1180 712 1219 761 26.
1230 707 1295 773 vni,
1308 710 1352 760 ΙΙΙ,

259 798 283 857 §.
305 796 316 846 1
335 802 364 845 et
381 794 454 845 coni.
471 792 675 844 annotationem
687 791 721 844 ad
735 792 783 843 bos
799 791 883 844 locos.
917 792 985 847 aad.
998 793 1020 858 Ι,
1034 795 1060 847 8.
1073 793 1124 861 ΠΙ,
1135 796 1174 860 53,
1185 792 1232 845 aiis
1240 792 1264 843 id
1273 806 1355 859 genoso

259 879 408 947 eodemque
423 877 495 929 baud
510 877 567 929 scio
582 894 615 929 an
633 877 797 945 pertineant,
813 894 884 948 quae
899 877 1026 930 Solonem
1045 886 1073 930 et
1089 877 1213 931 Croesum
1229 875 1355 945 colloquen-

259 970 311 1015 tem
337 963 381 1033 (Ι,
404 964 438 1016 30
465 961 557 1032 seqq.)
567 955 610 1033 *),
637 968 685 1013 aut
718 978 788 1030 qnae
814 963 842 1029 I,
869 966 919 1015 207
946 962 1081 1015 Croesum
1107 963 1231 1017 dicentem
1255 954 1355 1021 neitttt

168 1067 172 1076 ·
261 1052 445 1118 Anaxagorae
461 1045 658 1116 philosophiam
680 1046 822 1099 Herodoto
842 1047 978 1115 cognitam
1000 1047 1089 1100 inisse
1113 1047 1197 1100 eiooo
1215 1047 1261 1112 ΙΙΙ,
1276 1047 1311 1109 80,
1323 1043 1358 1095 ubi

260 1132 423 1185 sententiam
436 1133 616 1199 Anaxagorae
627 1130 746 1183 decretis
757 1130 869 1184 similem
882 1133 1009 1184 enuntiat
1015 1126 1088 1202 ***),
1109 1133 1169 1204 quis
1178 1131 1289 1198 colligat3
1300 1145 1357 1199 prse-

261 1216 355 1270 sertim
372 1233 432 1268 cum
446 1214 499 1268 alio
515 1215 574 1268 loco
590 1214 627 1282 ΙΙ,
643 1220 677 1268 22
693 1215 754 1285 (ubi
767 1218 840 1270 coni.
857 1224 926 1273 nott.
945 1215 1005 1278 Vol,
1023 1216 1046 1269 Ι.
1056 1235 1084 1286 p.
1101 1218 1165 1284 aaa)
1179 1224 1264 1269 contra
1277 1215 1358 1267 inam-

261 1318 345 1370 goroe
366 1300 531 1354 sententiam
551 1300 585 1352 de
606 1300 664 1351 Niii
686 1300 846 1353 inundantis
868 1300 961 1353 causis
978 1302 1116 1354 edisserat
1131 1301 1252 1354 historiae
1267 1298 1360 1367 scriptor

260 1394 288 1440 et
303 1385 364 1439 aliis
380 1402 491 1457 quoque
506 1386 533 1437 in
551 1385 635 1438 rebus
651 1385 750 1437 abhoc
765 1384 927 1455 philosopho
948 1386 1024 1439 vaide
1043 1386 1196 1440 dissentiat.

791 1610 816 1671 s.
835 1608 876 1659 10.
1395 1684 1396 1733 1

345 1790 400 1843 Sed
415 1792 482 1843 baec
496 1791 595 1858 exigua
610 1791 688 1844 modo
705 1790 824 1843 fontium
845 1790 947 1843 indicia
962 1799 1043 1858 sunt,
1068 1809 1083 1843 e
1099 1792 1202 1863 quibns
1215 1788 1362 1843 Herodotus
1396 1806 1397 1853 1

262 1893 332 1947 opus
347 1877 463 1929 fluxisse
479 1875 681 1929 existimemus!
699 1876 789 1928 Multo
804 1875 893 1944 plura,
913 1877 965 1928 imo
979 1876 1105 1946 piurima,
1124 1893 1195 1947 quae
1209 1893 1239 1929 eo
1254 1872 1362 1928 conusen-

261 1969 317 2029 tur,
333 1962 435 2030 ipsein
454 1960 601 2013 itineribus
617 1961 759 2032 comperit,
776 1961 837 2030 ipse
849 1961 934 2028 vidit3
949 1977 1037 2030 eoque
1053 1962 1224 2031 potissimum
1237 1955 1362 2030 praeterio

261 2063 353 2099 corum
379 2052 407 2098 et
427 2045 585 2113 regionum,
612 2063 682 2116 quas
703 2047 764 2116 ipse
788 2045 869 2114 visit,
896 2045 1097 2114 descriptiones
1120 2046 1255 2100 retulerim
1272 2038 1362 2113 queste
1398 2050 1399 2063 ³

261 2130 386 2201 templis,
402 2130 554 2200 portentis,
574 2130 709 2198 oraculis,
727 2130 867 2196 donariis,
890 2129 952 2182 aliia
964 2129 992 2182 id
1008 2148 1115 2198 genus,
1133 2138 1182 2183 aut
1198 2132 1273 2185 etism
1286 2129 1312 2180 de
1323 2125 1362 2195 ips

262 2233 353 2268 rerum
369 2214 485 2267 bistoria
507 2214 549 2267 his
567 2215 638 2284 ipsis
652 2216 681 2268 in
699 2214 767 2267 iocis
784 2222 921 2284 comperta
937 2215 1085 2284 perscribit
1098 2232 1239 2287 nunquam
1252 2231 1300 2266 non
1316 2207 1360 2262 ut

261 2307 322 2354 cato
336 2302 413 2352 sonte
427 2299 471 2352 rel
482 2307 604 2353 auctore.
631 2300 670 2353 Ut
681 2299 777 2371 paucis
793 2300 888 2367 dicam,
903 2300 977 2370 quod
993 2300 1093 2370 sentio,
1110 2300 1155 2354 vei
1168 2302 1228 2371 ipse
1239 2299 1358 2363 viditqw

262 2385 383 2455 scripsit,
401 2384 443 2437 vel
456 2402 472 2437 a
487 2385 688 2454 sacerdotibus,
711 2402 781 2455 quos
802 2384 848 2438 ilia
863 2390 953 2437 aetate
968 2400 1019 2455 per
1035 2385 1169 2438 orientem
1185 2384 1300 2457 inprimis
1316 2392 1358 2430 ΙΙΙ·

261 2472 357 2523 doctos
373 2486 468 2537 gerum
490 2478 630 2537 gestarum
653 2470 777 2522 notitiam
803 2470 931 2523 babuisse
958 2476 1076 2538 constat,
1101 2471 1211 2542 accepit
1238 2461 1362 2523 neruoso

262 2556 306 2608 vei
322 2572 338 2607 a
354 2554 569 2623 mercatoribus,
599 2555 714 2625 quasin
732 2554 880 2608 itineribus
896 2556 1041 2622 convenit,
1068 2556 1109 2608 uti
1128 2557 1277 2626 iamsupra
1291 2546 1364 2605 nosti

262 2658 331 2693 mua.
366 2639 546 2693 Praeirerant
561 2640 702 2692 Herodoto
721 2639 769 2711 qui
786 2639 870 2708 vulgo
891 2645 1027 2692 vocantur
1042 2639 1216 2712 iogograpbi‚
1231 2640 1276 2711 qui
1291 2631 1368 2691 tamt·

262 2724 416 2795 antiquitus
443 2725 558 2777 traditas
584 2724 673 2778 literis
696 2732 727 2777 ut
750 2725 949 2793 consignarent
963 2741 1051 2796 eoque
1065 2725 1145 2778 modo
1162 2722 1320 2797 posteritatis
1332 2734 1368 2770 sc

263 2809 363 2862 moriae
383 2809 526 2862 traderent
547 2827 608 2862 cum
628 2810 710 2863 unice
729 2810 783 2862 sibi
798 2810 1020 2879 proposuissent,
1040 2809 1067 2862 in
1084 2810 1176 2880 ipsum
1189 2827 1275 2864 rerum
1287 2806 1369 2860 sicus

262 2894 380 2946 diturum
395 2903 584 2961 argumentum
597 2895 704 2948 minime
719 2894 935 2965 inquisiverunt,
954 2894 1024 2948 satis
1040 2894 1191 2964 babentes,
1208 2914 1254 2963 ea,
1269 2908 1327 2963 quse
1337 2902 1370 2937 ore

160 2996 162 2999 ’
262 2983 367 3030 tantum
379 2977 467 3030 adbuc
478 2979 579 3030 tradita
592 2987 680 3050 erant,
693 2979 805 3050 scriptis
817 2980 941 3032 mandata
949 2979 1069 3049 posteris
1079 2981 1202 3034 tradere.
1222 2980 1303 3044 Quam
1316 2974 1368 3039 iota

262 3062 427 3131 grapborum
441 3064 572 3116 rationem
582 3064 632 3116 iam
640 3065 1008 3134 Hecatsenmquodammodo
1016 3065 1178 3119 deseruisse
1194 3066 1291 3118 indicat
1301 3072 1367 3132 pro*

262 3148 342 3200 mium
353 3146 430 3214 iilud,
441 3148 514 3217 quod
526 3149 561 3200 ad
570 3149 799 3218 Genealogiarum
808 3167 878 3218 opus
890 3151 1155 3220 nuncreferuntffi.
1164 3150 1367 3212 Mulierum·

264 3232 327 3289 bist.
349 3234 465 3284 Graece.
483 3232 504 3288 1.
526 3251 553 3302 p.
574 3236 637 3297 25),
657 3235 730 3304 apud
746 3235 865 3290 Demetr.
887 3235 921 3287 de
942 3233 1052 3290 Elocut.
1068 3239 1094 3299 s.
1118 3239 1151 3289 12
1173 3236 1217 3289 bis
1233 3233 1370 3287 rerbisoos·

263 3325 385 3387 ceptnm:
402 3310 547 3380 Ἑκαταῖος
566 3306 708 3387 Μιλήσιος
730 3308 785 3373 ὦδε
805 3322 953 3389 μυθεῖται·
973 3313 1041 3374 τάδε
1055 3310 1165 3394 γράφω,
1185 3313 1223 3382 ὅς
1236 3337 1279 3389 por
1294 3306 1373 3381 ‹iipdt'l

331 3583 356 3648 ¹⁸)
374 3586 437 3639 vio.
450 3603 521 3653 qaae
539 3588 573 3637 de
591 3587 634 3637 his
652 3587 804 3637 monuimus
822 3588 850 3635 in
868 3587 940 3637 uotis
958 3586 993 3636 ad
1010 3587 1037 3636 h.
1055 3586 1073 3636 l.
1091 3588 1154 3638 Vol.
1174 3589 1197 3638 1.
1216 3603 1276 3654 pag.
1292 3581 1322 3634 ot
1334 3592 1376 3639 ⁸24

264 3653 355 3715 Quare
368 3655 487 3707 Dounon
504 3654 602 3717 (Cours
615 3655 747 3705 d'Etudes
758 3655 925 3719 historiques
938 3655 969 3704 T.
983 3654 1055 3705 VIII.
1069 3671 1135 3720 pag.
1149 3654 1211 3720 lto)
1228 3654 1303 3707 valde
1318 3660 1376 3699 tort

264 3725 321 3781 tur,
334 3726 364 3770 ut
376 3727 463 3772 totum
476 3723 528 3773 hoc
542 3723 706 3788 colloquium
719 3738 817 3773 revera
829 3737 948 3788 uuquam
961 3723 1045 3773 inerit
1056 3723 1191 3775 habitum.

331 3802 371 3868 *ΙΙ
390 3806 468 3868 Quod
486 3823 552 3858 varo
564 3808 590 3868 1,
608 3806 669 3868 155,
682 3807 728 3857 ubi
741 3806 858 3858 Croesus
871 3807 943 3870 Cyro
956 3806 1100 3857 consilinm
1114 3808 1177 3865 dat,
1195 3807 1283 3873 Lydos
1295 3808 1321 3853 ut
1330 3797 1376 3849 ete

265 3874 386 3924 minatos
398 3874 510 3935 reddat,
524 3875 702 3925 Wacbsmutb
716 3875 835 3937 (Hellen.
850 3875 1046 3926 Altertbumsk.
1060 3876 1097 3935 ΙΙ,
1110 3875 1135 3925 2.
1149 3893 1176 3941 p.
1193 3876 1222 3925 17
1235 3891 1256 3925 s.
1267 3873 1298 3922 ΙΙ.
1311 3862 1377 3945 piii

265 3940 308 3991 ed.
321 3941 391 4005 sec.)
410 3943 531 4007 quaerit,
551 3943 603 3992 hoc
615 3942 711 3993 Croesi
729 3943 873 3993 consilium
894 3959 926 3992 er
943 3943 992 4005 iis,
1012 3958 1082 4008 qaae
1101 3943 1204 3993 Graeci
1222 3937 1323 4006 tyranni
1336 3944 1378 4010 ΙΨ

264 4015 320 4058 tum
335 4008 468 4071 iecerint,
486 4025 550 4059 num
562 4011 715 4075 profectum
728 4012 778 4073 sit,
797 4027 832 4061 an
845 4026 879 4060 ex
892 4011 1001 4061 Graeco
1014 4011 1121 4061 omnino
1135 4011 1244 4062 fluxerit
1254 4006 1379 4059 mauros·

265 4076 369 4126 frustra
381 4076 448 4126 mihi
461 4092 593 4141 quaerere
606 4077 721 4129 videtur.
752 4079 848 4143 Neque
861 4078 932 4128 euim
945 4078 1016 4129 talia
1034 4078 1135 4129 obsunt
1147 4096 1165 4129 a
1176 4093 1269 4143 regum
1281 4073 1379 4125 onena-

265 4144 331 4195 lium
344 4160 417 4195 more
431 4150 514 4209 atque
527 4144 628 4196 indole.

332 4227 386 4293 m)
404 4229 461 4280 Ubi
477 4230 506 4279 in
522 4228 575 4279 iius
594 4229 721 4295 legantur
738 4230 821 4281 haec:
842 4222 874 4282 ἐν
893 4222 947 4296 γὰρ
964 4229 1004 4295 τῷ
1018 4230 1112 4295 πολλῷ
1135 4225 1187 4281 ἔνι
1210 4222 1250 4279 ssi
1272 4218 1378 4295 πάντᾳ·

266 4299 425 4364 quibuscum
443 4298 557 4365 iungere
574 4297 654 4361 licet,
673 4314 743 4365 quae
762 4299 788 4361 Ι,
810 4297 857 4350 103
876 4304 998 4349 exstant:
1017 4292 1072 4363 πρὸ
1090 4298 1141 4350 τοῦ
1158 4292 1196 4349 δὲ
1212 4286 1334 4357 α’ναρΙξ
1346 4298 1380 4351 't'

265 4355 832 4432 mdvaoduolocoivurrsqvppivo,
853 4367 1053 4433 adquoslocos
1065 4367 1200 4418 ridnott.
