2952 5156
219 355 260 418 80
655 347 922 412 HERODOTI

220 521 377 614 έκυροόθη
395 519 458 613 πρδ
475 524 537 593 τοῦ
555 517 692 614 Ἰσθμοῦ
708 523 918 613 ναυμαχέειν.
960 518 1021 605 νύξ
1039 549 1074 591 τε
1093 524 1235 611 ἐγίνετο,
1255 523 1365 591 καλοί

172 643 212 703 57
223 628 439 707 διαλυθέντες
457 627 494 695 έκ
510 628 571 696 τοῦ
580 630 761 717 συνεδρίου
779 626 953 711 ἐσέβαινον
964 626 997 705 ἐς
1013 620 1071 705 τάς
1088 626 1174 705 νέας.
1195 619 1363 695 Ἐνθαῦτα

220 725 262 817 δὴ
287 730 510 818 Θεμιστοκλέα
527 723 734 818 ,ἀπικόμενον
758 728 811 796 έπ1
834 722 897 814 τὴν
919 726 980 796 νέα
1004 735 1110 817 είρετο
1133 732 1360 814 Μνησίφιλος,

217 826 303 922 ἀνὴρ
324 826 519 920 Ἀθηναῖος,
542 824 610 900 ὅτι
633 851 694 919 σφι
718 839 770 917 εἴη
794 829 1070 918 βεβουλευμένον.
1107 826 1298 918 πυθόμενος
1323 828 1363 897 δὲ

218 929 300 1023 πρδς
318 927 438 1021 αὐτοῦ,
467 927 512 1013 οἱς
535 941 586 1020 είη
614 933 817 1021 δεδογμένον
833 925 982 1019 ,ἀνοίγειν
1007 926 1064 1011 τάς
1089 932 1168 1011 νέας
1194 927 1277 1022 πρός
1301 925 1363 1000 τόν

215 1029 366 1125 Ἰσθμόν,
391 1036 446 1104 καὶ
464 1031 528 1124 πρό
546 1037 603 1123 τῆς
621 1029 884 1119 Πελοποννήσου
900 1034 1118 1122 ναυμαχέειν,
1138 1031 1225 1101 εἷπε·
1249 1027 1293 1101 οὗ
1309 1059 1361 1102 τοι

217 1132 283 1227 ἀρα
299 1130 343 1225 ἦν
360 1132 543 1226 ἀπαείρωσι
560 1134 618 1216 τὰς
634 1138 712 1217 νέας
729 1130 795 1205 ἀπό
813 1142 1022 1222 Σαλαμίνος,
1041 1134 1118 1224 περὶ
1135 1129 1295 1223 οὐδεμιῆς
1313 1139 1364 1203 ἔτι

218 1243 377 1328 πατρίδος
394 1234 626 1328 ναυμαχήσεις,
651 1233 734 1307 κατά
751 1232 815 1327 νάρ
833 1233 927 1315 πόλις
946 1237 1077 1305 ἕκαστοι
1094 1238 1285 1326 τρέφονταί
1304 1237 1363 1305 καὶ

218 1336 296 1410 οὔτε
317 1343 423 1430 σφέας
440 1336 655 1430 Εὐρυβιάδης
673 1340 823 1427 κατέχειν
842 1335 1038 1427 δυνήσεται,
1063 1332 1142 1407 οὔτε
1160 1365 1210 1419 τις
1227 1332 1363 1427 ἀνθριό·

218 1467 292 1512 πων
314 1438 429 1530 ἀλλος,
458 1437 542 1512 ὥστε
559 1437 604 1531 μὴ
622 1436 663 1511 ori
682 1440 968 1528 διασκεδασθῆναι
990 1434 1053 1529 τὴν
1069 1434 1244 1530 στρατιὴν,
1281 1434 1364 1509 ἀπο·

217 1606 306 1673 plura.
325 1596 566 1671 ἀποθευσόμενοι,
581 1607 652 1672 quod
662 1605 698 1657 sd
710 1606 764 1657 tor-

217 1691 290 1726 mum
307 1677 419 1737 attinet,
443 1676 540 1725 eodem
556 1675 635 1726 modo
653 1674 763 1736 dicitur,

218 1758 270 1809 quo
283 1733 523 1808 ἀντιθευσόμενοι
533 1744 565 1804 V,
576 1743 610 1792 22
623 1743 685 1793 coll.
697 1744 764 1793 Bre-

218 1811 280 1862 dov.
302 1828 328 1877 p.
347 1810 409 1862 376:
438 1812 526 1876 ipsum
543 1811 670 1874 verbum,
692 1809 765 1876 quod

217 1879 374 1929 Herodotus
399 1879 538 1943 adhibuit,
566 1877 649 1944 longe
673 1879 764 1944 aptius

217 1946 345 2012 proiecto
354 1947 464 1996 videtur
474 1947 508 1996 ad
520 1946 639 1996 animum
647 1946 768 1997 Graeco·

217 2028 276 2063 rum
304 2014 481 2064 iudicandum
503 2014 764 2079 testinationemque

219 2080 428 2144 declarandam,
448 2096 528 2146 quam
547 2081 618 2146 quod
631 2082 724 2131 Naber
735 2084 764 2133 in

217 2149 386 2211 Mnemosyn.
399 2149 450 2199 III.
462 2165 488 2214 p.
502 2146 551 2199 480
563 2149 693 2199 substitui
705 2150 765 2200 vult

216 2205 471 2282 ἀποπλευσόμενοι.
481 2216 523 2265 Ad
533 2218 606 2268 τοῖσι
614 2207 765 2269 ὑπολειπο-

217 2278 328 2348 μένοισι
341 2285 415 2335 conf.
428 2285 464 2345 11,
481 2285 519 2345 15,
534 2285 581 2335 ubi
594 2285 665 2335 idem
677 2287 765 2350 perti·

217 2352 319 2429 cipium
333 2352 428 2470 οοιέοιφ
440 2351 599 2470 signitipatp
606 2353 762 2473 pdhihetpr.

216 2417 304 2546 ..tt
321 2434 351 2537 {f
364 2435 479 2554 timii
491 2436 543 2539 ii.
562 2421 763 2554 bittit.

216 2570 246 2605 τε
262 2581 292 2593 -·
313 2552 363 2606 καλ
381 2557 455 2606 coni.
472 2562 540 2607 nott.
561 2556 597 2607 ad
614 2558 665 2616 IV,
683 2556 717 2608 53
734 2563 763 2609 et

217 2624 277 2674 add.
303 2624 393 2675 Hand.
417 2625 562 2676 Annotett.
585 2626 616 2675 in
637 2626 761 2691 Euripid.

215 2693 341 2758 lphIgen.
362 2693 445 2743 Teur.
470 2695 501 2743 P.
521 2693 542 2742 1.
565 2692 662 2754 (lenae
687 2693 762 2758 1832)

216 2776 280 2825 pag.
293 2760 319 2808 4.
337 2760 399 2810 Vid.
413 2761 488 2810 Inita
501 2765 569 2811 nott.
583 2761 618 2811 sd
631 2762 705 2819 VIII,
718 2760 761 2812 83.

216 2830 268 2877 Pro
281 2822 324 2893 οἳ,
341 2832 373 2877 ut
383 2829 508 2878 nonnulli
521 2827 664 2891 exhibent,
683 2845 761 2895 repo·

216 2896 258 2944 sui
276 2887 307 2944 οἱ
324 2899 352 2944 et
369 2896 471 2945 sustuli
486 2896 692 2947 distinctionem
710 2898 762 2947 mi·

216 2977 310 3012 norem
334 2968 398 3012 ante
424 2958 613 3023 διαλυθέντες
642 2970 670 3015 et
695 2969 761 3016 ante

217 3020 366 3096 έσέβαινον
390 3031 456 3095 peni
480 3030 603 3092 solitam,
633 3033 761 3097 idemque

216 3098 272 3147 ieci
285 3097 364 3161 VIII,
378 3096 425 3160 83,
439 3106 588 3150 commotus
600 3101 762 3151 Buttmanni

216 3166 369 3215 rationibus
387 3166 416 3215 in
434 3165 553 3217 Gramm.
569 3167 615 3219 Gr.
628 3169 727 3219 iuniori
738 3169 760 3220 I.

215 3249 279 3299 pag.
293 3231 334 3282 50.
370 3233 413 3283 Ad
428 3227 460 3285 τδ
477 3230 629 3299 συνέδριον
642 3236 761 3287 Graeco·

215 3317 274 3351 rum
296 3301 370 3351 coni.
393 3306 461 3353 nott.
485 3303 522 3353 αδ
538 3303 604 3366 Vll,
626 3304 673 3354 145
695 3304 759 3355 coll.

215 3368 406 3435 vl11,75.79.

402 3540 468 3591 Car.
486 3541 574 3592 LVII.

249 3636 452 3709 Θεμιστοκλέα]
475 3644 520 3694 Itu
537 3660 552 3694 e
569 3643 710 3695 Seueroiti
726 3644 760 3694 li·

214 3711 263 3760 bro
273 3711 346 3761 edidi
358 3726 418 3761 cum
430 3712 518 3762 Gaist'.
529 3716 558 3763 et
569 3717 687 3763 recenti.
698 3712 760 3762 edd.

214 3795 262 3844 pro
279 3779 353 3845 vulg.
373 3776 581 3846 Θεμιστοκλῆα,
600 3785 631 3830 nt
647 3781 698 3843 IV,
716 3779 758 3832 61.

217 3846 272 3897 112.
288 3846 345 3898 125.
370 3847 433 3897 Vid.
446 3848 562 3899 Bredov.
575 3866 601 3915 p.
612 3848 671 3898 258.
696 3849 759 3899 Mox

232 3930 262 3965 rc
271 3914 336 3965 oIIm
345 3915 419 3980 vulg.
430 3913 487 3981 νῆα
497 3915 608 3967 exhibui
618 3932 679 3967 eum
687 3918 760 3967 Bek-

213 3931 281 4032 ἀπο
299 3988 327 4032 et
343 3988 462 4034 recentt.
481 3983 542 4034 edd.
561 3978 626 4045 νέα,
646 3985 759 4035 iubente

212 4050 351 4101 Bredovio
367 4067 394 4116 p.
411 4049 471 4101 ndi.
510 4052 543 4101 In
559 4051 653 4102 verbis
669 4053 758 4117 proxi·

214 4119 265 4168 mIs
278 4107 321 4169 ὅτι
333 4132 385 4182 σφι
399 4115 445 4183 τίη
481 4114 688 4186 εβουλινμένον
699 4136 760 4171 ver·

212 4186 277 4236 hum
289 4183 427 4252 βεβουλευ
465 4202 516 4238 νον
526 4188 571 4251 (de
584 4203 636 4253 quo
647 4188 703 4240 vid.
717 4187 759 4238 el·

213 4253 274 4305 lats
291 4254 327 4304 ed
340 4255 396 4317 III,
413 4256 423 4304 Ι
461 4255 529 4320 )vix
542 4254 668 4314 multum,
687 4255 759 4321 quod

214 4323 249 4374 ad
261 4321 492 4389 significationem
508 4326 621 4389 attinet,
639 4324 759 4375 discedit

816 1604 851 1654 ab
865 1619 910 1666 eo,
930 1603 1000 1669 quod
1018 1619 1079 1655 mox
1090 1604 1190 1656 Noster
1206 1604 1298 1670 posuit
1316 1601 1364 1656 δε-

816 1665 972 1737 δογμένον,
992 1673 1027 1722 sd
1044 1673 1115 1738 quod
1130 1673 1219 1738 ipsum
1231 1677 1365 1738 spectant

815 1732 851 1789 τά
869 1735 1081 1806 βεβουλευμένα
1098 1756 1169 1806 quae
1186 1741 1314 1818 dicuntur
1334 1742 1365 1791 in

815 1808 869 1857 fine
883 1809 992 1873 capitis.
1011 1808 1052 1857 Ad
1064 1809 1230 1859 locutionem
1240 1802 1366 1873 ἀνοίγειν

814 1868 866 1934 τάς
878 1870 946 1934 νέας
957 1875 1031 1926 conf.
1042 1876 1089 1938 VI,
1105 1876 1136 1925 12
1144 1877 1238 1942 ibique
1251 1881 1331 1939 nott,
1347 1894 1366 1927 a

816 1959 869 2008 quo
881 1958 935 1994 non
947 1944 1092 1994 admodum
1109 1943 1214 2007 differt,
1233 1945 1304 2011 quod
1318 1960 1377 2017 seg

816 2011 919 2075 quitur:
948 2001 1084 2077 ἀπαίρειν
1107 2004 1159 2070 τάς
1182 2013 1261 2073 νέας,
1286 2012 1365 2064 inira

816 2094 922 2144 quoque
939 2079 1023 2144 VIII,
1043 2078 1078 2129 00
1099 2080 1222 2130 obvium:
1246 2085 1365 2147 utroque

814 2145 877 2196 loco
905 2163 955 2212 pro
983 2147 1057 2214 vulg.
1082 2136 1226 2212 ἀπαίρωσι
1249 2150 1365 2215 reposui

814 2206 990 2278 ἀπαείρωσι
1011 2216 1175 2266 Biedovium
1200 2220 1313 2267 secutus
1336 2234 1365 2283 p.

815 2280 877 2341 103,
902 2283 926 2332 si
948 2282 1057 2348 quidem
1073 2284 1174 2335 Noster
1193 2300 1242 2349 pro
1264 2280 1366 2346 αἴρειν

814 2355 975 2401 constanter
991 2341 1102 2416 ἀείρειν
1117 2352 1262 2417 scripsisse
1283 2353 1365 2405 ride-

814 2423 867 2468 tur.
874 2443 907 2453 -
919 2420 961 2469 De
972 2419 1125 2484 Mnen‘pdilo
1135 2420 1207 2473 conf.
1217 2419 1364 2471 Plutarch.

814 2486 990 2537 'I'hemistoch
1013 2487 1039 2537 2.
1075 2487 1180 2552 Tangit
1200 2488 1364 2539 Herodotus
1471 2542 1472 2547 ,

813 2554 1074 2605 Pseudo-Plutarch.
1088 2556 1126 2606 II.
1140 2572 1204 2621 pag.
1216 2554 1311 2606 800οι
1332 2558 1363 2607 in

814 2637 866 2686 quo
879 2627 972 2673 tamen
980 2621 1090 2687 lougius
1101 2624 1238 2674 immorari
1249 2639 1302 2675 non
1313 2640 1364 2676 vs-

814 2696 868 2739 cet.
906 2689 985 2740 Cont.
1003 2691 1171 2756 Lahmeyer:
1189 2693 1233 2742 De
1250 2691 1362 2743 Plutar-
1470 2714 1471 2723 ¹

814 2756 876 2808 chei
888 2756 980 2808 libelli
991 2761 1038 2823 qui
1050 2758 1084 2809 de
1098 2759 1211 2825 malign.
1225 2760 1361 2812 Herodot.

812 2825 925 2903 inscrib.
940 2831 992 2876 ete.
1008 2843 1044 2892 pe
1066 2827 1118 2877 ,72
1130 2843 1188 2893 seq.

846 2907 881 2943 ον
899 2908 944 2945 τοι
960 2883 1018 2958 ἀρα
1035 2911 1073 2962 ην
1104 2897 1149 2946 Ita
1166 2911 1227 2946 eum
1241 2901 1362 2949 recentt

813 2960 874 3011 edd.
893 2961 1018 3040 exhibuh
1042 2965 1077 3014 Sc
1097 2964 1195 3030 weigh.
1218 2970 1246 3015 et
1267 2964 1366 3016 Gaias.

813 3029 947 3080 dederant
963 3045 1042 3082 ουτοι
1060 3030 1120 3096 (pro
1142 3022 1232 3096 οὗτοι)
1256 3048 1271 3083 e
1289 3033 1362 3085 San-

813 3097 896 3148 creiti
919 3097 1015 3149 codice
1044 3100 1156 3165 elioque
1184 3101 1268 3163 libre,
1299 3090 1362 3166 ἀρα

813 3180 874 3214 eum
895 3179 939 3215 τοι
962 3165 1083 3218 iunctum
1106 3168 1231 3248 reperias
1251 3184 1361 3235 quoque

811 3232 894 3297 VIII,
916 3231 972 3286 100.
1012 3235 1085 3286 Olim
1106 3227 1169 3287 οντ’
1188 3226 1261 3302 ἀρα;
1285 3237 1361 3303 apud

811 3299 953 3352 Plutarch.
965 3300 983 3351 l.
997 3302 1015 3353 l.
1033 3294 1087 3356 ονίι
1099 3293 1157 3369 ἀρα
1174 3310 1202 3355 et
1213 3321 1276 3356 mox
1287 3295 1360 3356 οάδὲ

811 3364 1359 3493 itttlttttlsslzttd‘tttt

810 3509 855 3555 rat
866 3473 937 3582 'adp’
948 3453 1014 3588 ἀρα,
1028 3479 1107 3560 νότοι
1116 3497 1154 3576 ἦν
1162 3525 1189 3561 κ.
1195 3524 1219 3561 τ.
1225 3510 1250 3562 λ.
1263 3459 1360 3563 Vercbs

810 3586 884 3624 κατα
902 3566 957 3641 peip
973 3576 1057 3636 πολις
1073 3570 1187 3629 ἔκαστοι
1198 3572 1357 3643 τρέψονται

810 3640 919 3693 valent:
941 3650 1032 3695 etenim
1047 3647 1074 3696 in
1088 3661 1149 3697 ιναι
1166 3648 1256 3713 quipse
1267 3649 1358 3698 οἱσίιιι-

810 3715 849 3759 ter
871 3724 900 3760 τε
920 3719 1067 3764 σοκνενιεπι
1087 3715 1146 3766 sive
1167 3731 1196 3766 se
1215 3716 1359 3780 recipient:

810 3775 895 3827 hebet
912 3782 985 3831 enim
1001 3781 1206 3835 distributivam
1217 3783 1273 3833 vim
1291 3783 1318 3833 h.
1337 3784 1356 3833 1.

810 3850 980 3912 praeposiIio
992 3843 1080 3913 κατά,
1097 3857 1128 3901 ut
1145 3852 1219 3901 infra
1237 3866 1298 3917 cap.
1311 3850 1356 3902 08.

810 3914 935 3974 §.2108
952 3917 1016 3968 coll.
1031 3917 1079 3969 113
1096 3919 1190 3983 ibique
1207 3924 1276 3969 nott.
1298 3918 1356 3971 133.

810 3981 864 4044 IX,
877 3984 923 4046 25,
943 3986 1093 4052 eodemque
1107 3988 1192 4038 etiam
1203 3988 1356 4054 pertinent,

811 4063 881 4115 quse
896 4052 1043 4117 ad1x‚20
1060 4054 1149 4106 ellata
1162 4059 1235 4106 sunt.
1271 4055 1356 4105 Hand

810 4116 893 4168 aliter
909 4121 1085 4185 Thucydides
1100 4124 1127 4185 1,
1146 4121 1192 4174 8οι
1212 4111 1355 4174 ἀπέπλεν-
1461 4170 1462 4189 ,

809 4196 864 4235 σαν
888 4178 918 4251 ἐξ
942 4181 1151 4256 Ἑλλησπόντου
1178 4181 1216 4249 οἷς
1239 4184 1355 4242 ἕκαστοι

809 4248 897 4306 κατὰ
915 4250 1043 4317 πόλεις.
1073 4258 1355 4310 lloncumBelslrero
1460 4268 1461 4273 ’

808 4324 910 4375 retinui
926 4313 996 4377 cisse
1013 4321 1057 4392 μή
1079 4319 1119 4378 oei
1140 4323 1355 4394 διασκεδασθῆ-
