2932 5124
386 416 591 476 URANIA.
616 417 707 475 VIII.
735 426 791 480 130.
817 426 874 478 131.

1138 418 1195 480 191

83 592 148 673 dea,
170 591 229 656 τον
244 584 438 675 Ἀναξίλεω,
457 591 517 656 τοι]
532 584 747 677 Ἀρχιδήμου,
766 590 826 657 τοῦ
841 584 1120 675 Ἀναξανδρίδεω,
1138 590 1201 656 του

82 687 268 777 Θεοπόμπου,
287 693 347 758 τοῦ
363 687 577 777 Νικάνδρου,
596 693 657 759 του
673 697 857 778 Χαρίλλου,
875 693 936 757 του
953 684 1121 778 Εὐνόμου,
1139 693 1200 758 τοῦ

82 794 288 875 Πολυδέκτεω,
306 793 368 860 τοὺ
385 789 584 880 Πρυτάνιος,
602 795 664 860 τοῦ
681 787 922 879 Εὐρυπῶντος,
940 794 1001 859 τοὺ
1018 794 1198 879 Προκλέος,

48 888 381 981 ωετούἈριοτοδήμον,
394 896 455 961 τοῦ
463 889 708 982 Ἀριστομάχου,
721 896 782 962 τοῦ
788 898 986 979 Κλεοδαίου,
998 888 1197 978 eori'uttoo,

82 988 315 1082 τονἩρακλίος,
330 992 455 1082 deiceris
464 996 576 1083 ἑτέρης
582 1001 687 1082 οἰκίης
693 997 760 1064 τῶν
767 996 941 1081 βασιλέων.
960 983 1052 1063 οὗτοι
1065 992 1198 1079 πάντες,

82 1092 147 1181 aldo
162 1099 231 1165 των
249 1098 342 1165 δυοῖν
359 1099 427 1166 των
443 1093 524 1185 μετά
535 1102 745 1186 Λευτυχίδην
756 1093 895 1184 τεράτων
913 1098 1198 1185 καταλεχθέντων,

82 1309 164 1361 editore
176 1311 333 1377 nuperrimo
346 1312 458 1376 Negris,
478 1312 603 1377 equidem

81 1384 153 1428 umen
179 1380 275 1429 Invitis
308 1380 449 1430 codicibus
478 1381 603 1444 recipere

81 1459 122 1494 non
132 1448 226 1507 ausim,
242 1463 304 1496 cum
317 1453 446 1511 quantum
461 1448 489 1497 in
502 1447 604 1497 taIIbus

82 1515 163 1563 variari
186 1515 292 1576 soleat,
318 1514 391 1565 baud
411 1517 462 1564 sim
483 1516 602 1565 nescius.

81 1580 125 1629 ileo
135 1582 217 1631 minois
231 1588 355 1645 constat,
375 1584 404 1632 in
416 1583 604 1633 huiuscemodi

83 1649 197 1699 indieibus
213 1650 285 1699 baud
304 1666 366 1700 raro
387 1650 509 1714 singulos
531 1651 604 1701 viros

82 1718 165 1777 omitti3
185 1733 238 1783 qua
261 1718 295 1767 de
317 1734 346 1767 re
364 1718 487 1768 sufficiat
509 1723 603 1768 contu-

81 1783 142 1845 lisse,
158 1801 226 1850 qnae
239 1786 275 1834 ad
288 1786 423 1851 Evangel.
435 1787 534 1836 Mattb.
548 1788 575 1847 l,
588 1786 605 1833 8

82 1853 156 1901 oriris
168 1853 257 1902 doctis
270 1853 359 1903 allata
371 1861 443 1904 sunt.
449 1851 474 1907 *1
510 1854 603 1917 Neque

80 1920 137 1969 enim
155 1922 226 1986 apud
248 1929 359 1972 veteres
380 1923 409 1970 iu
430 1921 535 1971 talibus
560 1938 605 1983 ea,

21 2008 22 2019 ι
80 2001 143 2049 qnam
155 2005 204 2039 nos
214 1989 385 2054 requirimus,
397 1991 534 2055 reperitur
542 1989 604 2038 dili·

81 2056 166 2117 geutia.
198 2058 237 2106 Ae
250 2057 368 2121 denique
381 2056 454 2107 hunc
467 2057 503 2106 ad
514 2056 604 2106 locum

80 2124 135 2184 quod
149 2126 260 2185 attinet,
280 2125 369 2190 potuit
385 2126 479 2190 utique
498 2141 531 2174 ex
549 2124 603 2173 alio

80 2193 139 2240 tonte
149 2207 199 2240 sua
211 2193 311 2242 ducere
325 2193 488 2251 Pausanias,
502 2208 534 2242 ex
549 2192 603 2241 alio

21 2274 22 2279 ¹
81 2255 228 2321 Herodotus,
247 2276 342 2324 quem,
361 2262 389 2310 in
406 2260 603 2326 Spartanorum

80 2326 130 2373 orbe
149 2343 208 2376 curn
228 2335 455 2390 commoraretur,
478 2329 513 2378 ab
536 2329 603 2393 ipsis

21 2426 22 2435 .
80 2393 217 2455 Spartanis,
232 2396 267 2445 ad
280 2411 348 2460 quoe
360 2396 433 2445 haud
445 2396 529 2446 semel
542 2412 603 2461 pro-

80 2470 145 2511 vocat
154 2469 239 2513 testes
251 2464 299 2527 (cf.
309 2465 403 2528 Heyse
416 2463 433 2513 l.
445 2464 463 2513 l.
476 2479 540 2529 pag.
556 2462 605 2513 llll

79 2532 146 2592 seq),
167 2546 217 2580 sua
234 2533 379 2596 accepisse
400 2531 544 2597 probabile
564 2532 602 2581 fit.

79 2596 230 2663 Quamquam
258 2601 287 2648 in
315 2598 363 2649 illo
392 2600 520 2665 catalogo
551 2599 603 2649 hoc

80 2664 148 2713 etiarn
159 2665 285 2727 offendit,
304 2667 376 2731 quod
388 2667 506 2717 Charilli
523 2673 603 2731 pater

80 2739 175 2783 vocatur
185 2734 327 2792 Εαιιοιιιιιτ,
346 2736 406 2799 qui,
420 2736 444 2784 si
455 2736 604 2785 Meursium

80 2798 159 2863 [Regu.
175 2803 280 2852 Lacon.
300 2802 343 2867 lli)
364 2802 487 2868 aliosque
506 2818 603 2867 sequa·

80 2880 126 2915 rour
136 2877 271 2929 auctores,
291 2871 438 2932 Polydectis
450 2872 541 2936 potius
554 2886 603 2936 pa·

80 2940 113 2981 ter
122 2936 231 3002 indeque
245 2939 351 2988 cauata·
362 2953 429 2989 avus
442 2940 507 2999 luit,
521 2939 562 2987 ita
574 2942 605 2987 ut

80 3003 266 3055 rescribendum
283 3005 424 3056 videatur:
447 3005 603 3071 Χαρίλλου,

80 3068 119 3117 toti
127 3068 314 3134 Πολυδέκτεω,
326 3072 378 3125 τοῦ
388 3063 532 3140 Εὐνόμου.
550 3075 604 3124 rte·

80 3137 151 3199 cedit,
168 3142 236 3204 quod
254 3156 337 3206 supra
356 3142 409 3203 Vl,
426 3141 459 3192 dir
476 3142 535 3203 (ubi
547 3141 602 3193 vid.

80 3208 145 3265 nott.)
155 3208 339 3271 Leotychides
352 3209 424 3259 lilius
441 3208 493 3261 eoo
503 3201 604 3260 Μενά-

79 3286 142 3335 ρεος,
155 3282 182 3325 et
193 3292 279 3341 nepos
291 3266 437 3351 τοχλῖίχιος
450 3277 561 3337 dicitur,
575 3280 604 3327 in

80 3341 144 3391 cuim
160 3342 246 3394 locum
264 3344 310 3393 hie
335 3344 483 3410 limodiam
505 3361 605 3396 nomen

79 3410 195 3460 succedit.
221 3413 372 3462 Praeterea
384 3429 493 3479 prorsus
505 3415 605 3464 retice·

79 3478 196 3553 turSoror‚
213 3481 382 3545 Eurypontis
399 3488 479 3547 pater
497 3488 525 3531 et
541 3483 606 3531 Pro·

80 3541 120 3591 ebs
131 3546 213 3609 lilius,
231 3549 327 3598 eodem
346 3556 473 3599 monente
485 3550 605 3599 Msursio

80 3607 94 3656 Ι.
108 3610 123 3658 Ι.
139 3629 195 3679 cap.
211 3616 255 3675 lit,
275 3632 389 3680 quocum
407 3618 478 3667 conl.
497 3618 605 3667 indices

79 3692 159 3739 tetrum
170 3685 310 3734 Laconiae
329 3702 345 3734 a
357 3686 499 3735 Larcbero
511 3686 604 3736 confe-

79 3752 138 3824 ttqs:
150 3750 311 3817 Cluenolog.
319 3752 529 3816 d'Herool.lVll)
540 3770 603 3819 pag.

79 3812 211 3868 amotam
218 3821 389 3885 potissimum
395 3821 519 3873 Cliutou:
530 3823 606 3872 I'ust.

79 3880 218 3958 llellenice.
228 3904 254 3953 p.
266 3886 317 3938 330
327 3904 420 3953 seqq,
432 3889 504 3939 uude
517 3890 580 3954 prof
598 3918 607 3927 ·

78 3955 111 3995 cot
121 3951 148 3999 C.
160 3953 203 4002 l‘r.
213 3956 367 4005 llermaun:
381 3957 491 4007 Griech.
503 3958 607 4006 Stante-

79 4014 175 4069 ttltcrtlr.
190 4038 250 4088 pag.
264 4023 314 4072 568
327 4024 371 4073 cd.
383 4030 472 4089 quart.
507 4026 608 4088 attigit

79 4081 140 4135 bane
167 4088 354 4141 diversitatem
383 4108 489 4157 quoque
518 4092 608 4142 Lach-

79 4164 162 4205 nauu:
180 4156 305 4222 Spartan.
316 4159 528 4211 Staatsversass.
542 4176 606 4225 pag.

658 1311 705 1364 135
723 1328 779 1377 seq.
816 1312 869 1373 Qui
885 1313 939 1363 viri
956 1312 1032 1361 docti
1047 1311 1076 1360 id
1093 1326 1198 1375 quoque

656 1388 785 1445 egerunt,
806 1387 836 1429 ut
854 1387 918 1445 quot
936 1394 1022 1430 annos
1038 1379 1141 1444 singuli
1159 1394 1199 1427 re-

656 1449 899 1517 geslpraefuerint,
912 1448 1067 1497 indicarent
1081 1447 1199 1510 indeque

656 1523 806 1581 temporum
828 1518 949 1565 rationes
966 1515 1087 1577 omnino,
1112 1529 1197 1578 quan·

656 1589 711 1633 tum
725 1585 751 1633 id
765 1584 873 1648 quidem
891 1584 1000 1632 orrrnino
1017 1584 1076 1631 lieri
1099 1588 1198 1647 potest,

655 1657 786 1700 accurate
816 1652 1025 1701 constituerent.
1072 1651 1108 1697 At
1139 1651 1200 1713 quis

656 1733 759 1783 quaeso
781 1721 811 1767 in
832 1718 935 1767 talibus
957 1720 1026 1767 satis
1048 1722 1153 1766 certam
1171 1722 1200 1766 et

656 1782 827 1850 exploratam
841 1785 920 1834 fidem
933 1800 1042 1851 semper
1054 1790 1197 1849 exspecta·

656 1854 707 1916 bit,
721 1870 781 1903 oum
793 1854 847 1903 iam
861 1854 1013 1918 antiquitus
1023 1853 1130 1902 diverse
1143 1858 1199 1900 tra·

655 1923 741 1971 ditum
755 1936 815 1972 esse
828 1921 979 1973 videamus.
1014 1921 1115 1981 Quare,
1129 1919 1201 1984 quod

657 1990 691 2039 ad
704 1990 873 2040 Herodotum
891 1990 1007 2049 attinet,
1025 1989 1072 2039 vix
1087 1987 1153 2038 solis
1166 1987 1201 2036 li·

654 2057 755 2107 brariis
772 2057 843 2106 haee
864 2056 1026 2122 imputanda
1042 2070 1102 2106 esse
1122 2058 1199 2121 puta-

637 2183 639 2186 ,
656 2141 727 2186 mus,
744 2141 797 2174 nec
809 2140 919 2191 prorsus
933 2125 1098 2174 accesserim
1110 2125 1144 2173 ob
1158 2138 1200 2172 ra-

655 2193 743 2243 tiones
755 2197 822 2243 ante
831 2192 1149 2258 prolatasWesselingio
1158 2193 1199 2240 ita

655 2261 800 2310 statuenti:
808 2264 930 2323 „Omnes
939 2261 993 2309 bue
1004 2261 1102 2309 turbae
1114 2265 1142 2307 et
1152 2266 1205 2309 ter-

655 2344 729 2378 rores
742 2330 860 2378 iniuriae
873 2334 1023 2393 temporum
1034 2334 1063 2377 et
1075 2328 1200 2377 librario·

655 2412 714 2445 rum
726 2396 872 2455 debentem
892 2395 1035 2460 expeditu,
1054 2395 1200 2444 silentibus

657 2463 813 2523 codicibus,
827 2462 1064 2512 inextricabiles.“
1094 2462 1200 2511 Nihilo·

655 2531 744 2581 minus
767 2531 868 2594 Negris
896 2530 930 2580 de
959 2544 1007 2579 suo
1031 2534 1094 2595 post
1118 2545 1201 2579 voces

654 2597 706 2649 τοῦ
719 2589 909 2663 Εὐρυπῶντος
921 2598 1039 2647 Inseruit
1051 2597 1137 2648 verba
1148 2595 1201 2646 τοῦ

655 2659 747 2730 Σόου,
772 2666 821 2716 sed
843 2666 921 2715 uncis
943 2666 1065 2722 inclusa,
1090 2669 1119 2713 et
1140 2668 1202 2729 post

655 2736 766 2785 verbum
783 2726 1021 2798 καταλεχθέντων
1038 2733 1133 2783 itidem
1151 2748 1200 2782 un·

656 2804 696 2852 cis
712 2802 820 2852 inclusa
838 2801 962 2852 exhibet:
981 2796 1031 2851 καλ
1048 2800 1104 2851 των
1115 2794 1200 2850 πέντε

654 2868 711 2919 τῶν
727 2862 864 2920 ὑστάτων.
906 2870 964 2920 Ncc
986 2875 1080 2918 tamen
1102 2868 1201 2932 reliqui

655 2938 788 2988 Herodoti
799 2939 927 2998 editores,
939 2938 1009 3003 quod
1018 2938 1111 3002 probo,
1126 2936 1201 3001 quid-

656 3022 737 3070 quam
750 3010 901 3055 mutarunt:
915 3005 1048 3056 Herodoti
1061 3006 1147 3056 verba
1159 3005 1199 3053 sic

656 3073 848 3135 exbibuerunt,
864 3077 894 3122 ut
905 3075 933 3123 in
945 3073 1024 3123 librIs
1037 3074 1150 3139 scriptis
1161 3074 1200 3123 in·

656 3142 810 3193 veniuntur.
853 3143 884 3192 In
901 3143 996 3191 formis
1013 3146 1119 3191 tanturn
1136 3156 1201 3189 non·

656 3210 739 3260 nullis
757 3211 897 3260 nominum
913 3224 1005 3274 pauca
1022 3215 1128 3259 mutare
1141 3208 1200 3273 pla·

657 3279 723 3327 cuit.
758 3279 827 3327 Nam
841 3278 957 3344 genitivi
973 3277 1062 3326 torma
1074 3268 1202 3327 ssotoot·

656 3359 757 3403 ιιτεος
774 3347 810 3395 ab
829 3345 953 3396 omnibus
970 3343 1048 3394 libris
1065 3343 1152 3393 allata
1170 3358 1201 3391 eo

657 3415 746 3478 magis
756 3412 880 3475 offendit,
890 3412 960 3477 quod
970 3411 1042 3477 apud
1052 3410 1123 3461 alios
1134 3411 1201 3459 scri·

656 3488 749 3547 ptores
766 3481 817 3531 boc
830 3496 928 3531 nomeu
943 3481 1048 3545 primae
1062 3483 1104 3528 est
1116 3478 1201 3528 decli·

656 3549 791 3611 nationis,
817 3553 889 3598 teste
910 3547 1027 3598 Bredov.
1051 3562 1115 3612 pag.
1137 3545 1201 3596 231:

656 3612 756 3682 itaque'
770 3631 830 3666 curn
848 3616 953 3666 Cobeto
971 3613 1014 3679 (in
1031 3615 1202 3679 Mnemosyn.

657 3686 704 3735 lx.
723 3701 786 3751 pag.
804 3684 855 3735 292
872 3683 941 3749 seq.)
958 3683 1058 3748 scripsi
1075 3676 1201 3732 Πολυδέ·

657 3768 728 3804 κτεω
741 3754 859 3817 itemque
873 3768 934 3803 eum
947 3751 1043 3801 eodem
1052 3752 1111 3801 viro
1122 3751 1202 3799 eleeto

658 3837 707 3887 pro
729 3815 931 3885 Εὐρυφῶντος
954 3819 1018 3869 dedi
1039 3811 1202 3883 Εὔρυτον-

658 3904 718 3952 τος,
733 3903 803 3953 quae
815 3904 883 3938 vera
895 3889 1005 3939 videtur
1016 3887 1133 3936 nominis
1148 3887 1202 3935 for·

660 3973 704 4007 nra
726 3958 798 4021 apud
815 3957 984 4007 Pausaniam
1006 3955 1023 4006 l.
1040 3955 1057 4003 l.
1076 3954 1201 4019 aliosque

659 4027 749 4076 obvia.
785 4025 849 4074 Mox
862 4040 967 4088 quoque
984 4040 1033 4089 pro
1047 4023 1121 4086 vulg.
1134 4024 1203 4070 Λευ-

659 4091 788 4157 τυχίδεα
812 4092 875 4142 dedi
899 4090 1101 4156 Λευτυχίδην,
1132 4089 1202 4154 quod

659 4161 817 4210 Dietscbius
828 4176 934 4225 quoque
945 4159 1076 4226 reposuit,
1090 4166 1202 4207 auctore

122 4340 228 4401 udoni,
242 4344 297 4383 alios
312 4351 335 4383 ut
350 4350 442 4392 taceam,
459 4344 539 4384 Pardus
553 4345 575 4384 iu
591 4344 746 4387 Garamantum.
764 4344 791 4384 od
807 4343 881 4384 dlattlr.
899 4345 912 4383 1.
929 4344 943 4383 Ι.
959 4344 983 4384 t.
1000 4344 1016 4384 l.
1030 4358 1052 4398 p.
1063 4346 1109 4385 255.
1139 4343 1200 4383 tto-ti-

78 4386 136 4427 ltora:
152 4391 235 4433 Ernlett.
251 4397 273 4435 in
288 4396 309 4436 d.
325 4397 363 4438 alt.
379 4396 474 4436 'testona
490 4395 516 4435 ll·
533 4409 553 4448 p.
573 4396 617 4435 tte.
632 4395 669 4436 Ill.
685 4410 705 4449 p.
721 4396 765 4436 310.
