2866 5134
285 373 344 432 DE
367 372 473 432 VITA
495 374 552 431 ET
575 371 767 432 SORIPTIS
790 369 1024 431 HERODOTI.
1160 375 1217 435 461

106 541 179 595 luisse
194 542 325 611 existimo,
348 543 515 596 Hecataeum
537 560 607 612 pura
621 544 716 596 Ionica
736 543 851 596 dialecto
873 542 1019 612 scripsisse
1028 541 1069 610 *),
1096 541 1221 594 Herodo-

106 635 155 679 tum
168 634 248 681 antem
271 646 325 680 non
341 613 437 680 ¹solum
452 628 563 680 lonicae
579 627 687 681 dialecti
705 630 806 680 formas
824 644 962 696 uocesque
978 627 1151 694 adhibuisse,
1173 627 1222 679 sed

103 711 265 766 immiscuisse
291 713 333 766 his
359 730 470 784 quoque
484 712 644 765 Homericus
666 722 748 783 atque
771 712 878 765 omnino
901 712 992 781 epicas
1014 702 1074 764 sive
1090 712 1222 781 poeticas,

104 804 151 849 tum
164 814 224 850 vero
244 798 322 851 etiam
339 798 459 864 Atticas,
476 796 600 867 adeoque
626 797 736 850 aliarum
756 798 930 850 dialectorum
953 799 1053 850 formas
1077 814 1222 866 vocesque,

104 880 159 934 haec
179 901 240 936 sero
255 884 344 936 omnia
363 883 402 934 ita
421 900 512 935 secum
528 883 696 951 coniungere
717 883 874 949 studuisse,
904 889 934 934 ut
953 884 1023 934 bene
1044 882 1224 934 convenirent

104 966 207 1040 indeque
225 968 312 1021 oratio
329 968 476 1021 exsisteret
492 968 616 1020 suaviter
630 968 770 1020 delectans
794 968 843 1019 hac
859 966 920 1036 ipsa
933 969 1067 1019 varietate
1090 966 1224 1018 concinna

104 1069 218 1122 omneque
245 1053 364 1106 taedium
390 1053 511 1105 evitante
537 1070 624 1123 eaque
645 1053 678 1105 de
699 1069 783 1105 cansa
804 1051 847 1104 'vel
868 1052 1055 1121 praestantior
1076 1052 1224 1103 haberetur

102 1153 159 1204 puro
185 1138 275 1190 lonico
302 1155 442 1203 sermone,
473 1154 528 1207 quo
552 1138 719 1191 Hecataeum
750 1137 894 1209 ipsamque
922 1138 1002 1190 etiam
1028 1136 1223 1206 Hippocratem

102 1221 134 1287 (si
155 1230 221 1274 recte
247 1223 333 1276 tradit
365 1223 485 1293 scriptor
509 1223 538 1274 in
566 1222 731 1275 Bachmanni
753 1223 875 1276 Anecdd.
898 1223 935 1274 Π.
962 1242 988 1293 p.
1011 1220 1116 1288 369⁰)
1144 1237 1223 1273 usum

102 1322 154 1358 esse
167 1307 269 1360 nolunt.
303 1308 471 1378 Quamquam
487 1307 530 1360 vel
546 1308 573 1358 iu
592 1307 641 1360 lrac
654 1307 789 1360 Herodoti
806 1306 929 1361 oratione
948 1307 985 1359 ita
1004 1308 1110 1359 variata
1125 1305 1223 1357 funda-

102 1400 203 1443 mentum
217 1409 325 1463 semper
339 1394 452 1463 praebet
468 1392 561 1444 Ionica
578 1392 723 1459 dialectos,
739 1393 772 1445 ad
789 1410 868 1463 quam
884 1400 976 1444 cetera
997 1392 1096 1461 optime
1114 1392 1223 1442 confor-

100 1480 191 1530 mentrir
207 1477 286 1543 adeo,
302 1484 333 1530 ut
351 1479 420 1531 bene
441 1475 620 1544 coeant***).
663 1478 758 1541 Quare
782 1480 854 1548 apud
870 1476 949 1529 Phot.
968 1476 1037 1528 Cod.
1055 1475 1113 1528 Lu
1136 1494 1162 1543 p.
1179 1478 1222 1526 59.

98 1551 205 1631 Ἰοτικῆς
216 1559 361 1616 διαλέκτου
375 1557 472 1615 nardo
484 1569 600 1613 vocatur
617 1563 791 1630 Herodotus,
814 1570 842 1615 et
862 1580 877 1613 a
892 1561 1009 1628 Dionys.
1025 1560 1114 1612 Halic.
1131 1560 1222 1629 Epist.

99 1644 126 1696 ad
145 1646 192 1700 Cn.
209 1646 303 1719 Pomp.
325 1646 373 1699 vl.
389 1666 416 1717 p.
433 1650 484 1699 775
499 1646 593 1700 Reisk.
607 1640 695 1709 ’Ῑοὶδος
715 1640 825 1715 ἄριστος
839 1640 943 1700 κανών.
985 1646 1016 1697 In
1039 1645 1158 1715 sepulcri
1182 1644 1224 1696 in-

99 1729 233 1799 scriptione
260 1738 354 1785 autem
378 1732 538 1785 Herodotus
557 1738 673 1785 vocatur
695 1725 782 1793 Ἰάδος
805 1726 920 1801 ἀρχαίης
938 1727 1056 1799 ἱστορίης
1075 1725 1224 1798 πούταοιςι

99 1813 144 1866 rid.
158 1833 238 1886 snpra
254 1823 282 1884 ς.
301 1819 327 1870 o.

169 1902 246 1964 Quae
263 1918 326 1955 cnm
339 1902 378 1954 ita
400 1901 473 1969 sint,
491 1918 592 1971 operae
608 1916 676 1952 sane
698 1900 833 1967 pretium,
849 1899 1006 1953 accuratius
1020 1899 1048 1953 in
1069 1917 1135 1967 eam,
1154 1916 1224 1969 (luae

100 1981 232 2039 llerodotei
241 1987 379 2043 sermonis
394 1987 488 2053 fuerit,
504 1988 616 2039 formam
630 1985 781 2054 inquirere.
813 1986 902 2049 Quem
918 1985 988 2039 enim
1004 1986 1097 2037 Ionica
1109 1983 1225 2036 dialecto

100 2069 228 2139 scripsisse
245 2073 375 2140 diximus,
392 2072 417 2123 is
432 2071 641 2142 haudquaquam
658 2070 685 2122 in
702 2070 826 2123 omnibus
841 2071 879 2123 ita
894 2078 985 2124 certas
1001 2070 1130 2140 quasdam
1148 2069 1225 2137 leges

100 2156 165 2222 sequi
182 2158 308 2224 ridetur,
337 2163 367 2209 nt
392 2156 481 2209 omnia
506 2156 541 2208 ad
566 2172 645 2208 unam
663 2158 830 2225 eandemque
848 2173 967 2210 normam
989 2154 1098 2208 dialecti
1115 2155 1225 2207 Ionicae

99 2240 233 2294 constituta
248 2244 325 2310 sint3
348 2242 413 2313 quin
438 2241 488 2294 hoc
506 2242 595 2311 ipsum
614 2240 776 2310 posterioris
797 2242 896 2294 aetatis
910 2242 1143 2309 grammaticorum
1166 2246 1224 2291 stu-

100 2320 159 2377 dium
181 2327 285 2395 fuisse,
314 2333 346 2379 ut
360 2326 545 2392 Herodotum,
578 2343 656 2396 quem
682 2326 709 2377 in
738 2325 858 2394 singulis
884 2326 980 2378 formis
1001 2325 1152 2395 verbisque
1170 2341 1224 2376 non

102 2409 172 2461 munia
188 2412 223 2463 ad
248 2428 332 2465 uuam
355 2411 477 2480 regulam
500 2416 600 2463 certam
624 2411 734 2479 exigere
753 2410 932 2478 invenerant,
957 2411 1129 2479 corrigerent
1148 2407 1225 2461 etad

104 2488 190 2548 lonicae
210 2497 324 2549 dialecti
340 2514 486 2565 munnam,
509 2512 588 2566 quem
604 2495 657 2547 sibi
679 2496 830 2561 tinxerant,
853 2496 939 2564 magis
955 2496 1170 2561 conformarent,
1196 2500 1226 2546 ut

107 2574 230 2647 suiipsius
248 2583 338 2650 magis
354 2588 486 2634 constans
499 2580 545 2633 ille
567 2586 727 2650 appareret,
749 2580 868 2648 vestigia
884 2581 1015 2650 quaedam
1040 2580 1163 2632 indicare
1185 2579 1226 2629 vi-

108 2656 228 2734 ossum).
260 2667 399 2721 Nimirum
411 2666 473 2722 illos
496 2666 686 2737 grammaticos
704 2665 775 2718 idem
790 2665 941 2719 offendisse
956 2665 1080 2734 ridetur,
1103 2681 1158 2735 quo
1185 2662 1227 2716 vel

108 2805 287 2826 *k-

154 2894 176 2961 *l
191 2901 376 2953 InHecataei
394 2901 560 2966 fragmentis
578 2900 710 2966 pleraque
722 2900 897 2965 reperiuntur
915 2899 949 2950 ad
965 2899 1115 2950 communis
1128 2913 1227 2948 sermo-

103 2961 135 3011 nis
146 2966 240 3021 furmas
253 2985 405 3021 conversa:
425 2984 495 3035 quae
515 2983 605 3034 pauca
618 2972 738 3030 restant,
756 2969 784 3017 in
798 2969 895 3032 quibus
912 2969 974 3033 ipsa
986 2968 1131 3042 Hecataei
1141 2967 1227 3015 verba

100 3042 241 3105 agmantur,
261 3037 395 3089 exhibent
407 3052 475 3087 sane
489 3038 592 3087 formas
604 3035 709 3086 solutas
721 3036 834 3086 Ionicae
853 3036 982 3098 dialecti,
1002 3042 1031 3084 ut
1043 3035 1226 3099 ταλεομειιος,

100 3110 186 3166 wate,
205 3100 311 3166 δοκέω,
332 3105 403 3166 alia3
423 3110 505 3170 atque
518 3103 591 3154 haud
604 3104 662 3153 scio
676 3120 710 3154 an
724 3105 751 3152 in
765 3104 858 3169 operis
872 3103 964 3163 initio,
984 3101 1065 3167 quale
1080 3101 1159 3151 affert
1171 3103 1227 3151 De-

98 3170 195 3221 metrius
207 3173 250 3224 De
264 3173 422 3224 elocutione
435 3174 458 3233 ξ.
472 3172 488 3220 2
502 3179 530 3222 et
545 3171 588 3220 12:
603 3164 755 3229 Ἑκαταῖος
765 3164 907 3237 Μιλήσιος
919 3159 975 3221 ὦδε
987 3170 1137 3235 μυθεῖται·
1156 3162 1227 3219 ια’δι

98 3229 199 3303 toene,
211 3233 249 3301 ὅς
260 3257 313 3308 μοι
325 3231 441 3305 α’ληθὲα
454 3234 548 3292 δοκέει
562 3232 653 3301 εἶναι,
667 3239 841 3289 scribendum
855 3254 961 3304 quoque
973 3230 1189 3302 sirpvus'ews,
1203 3238 1227 3285 si

99 3304 192 3363 quidem
210 3316 342 3374 quattuor
358 3309 427 3358 haec
445 3309 538 3374 priora
554 3308 640 3358 verba
663 3323 711 3373 pro
728 3308 815 3372 ipsius
833 3307 971 3356 Hecataei
990 3305 1082 3356 verbis
1098 3304 1227 3355 habenda

99 3378 159 3421 sunt

152 3454 188 3519 *ἢ
207 3447 238 3536 ὃς
250 3452 597 3540 (quoapcirqeloiupoirqo
613 3458 649 3526 τῇ
662 3448 733 3509 'Iride
747 3456 861 3524 χρῆται·
887 3446 908 3538 ὁ.
920 3452 974 3538 peip
989 3448 1143 3537 Ἡρόδοτος
1160 3470 1227 3537 σομ-

96 3520 178 3588 Moysi
190 3543 283 3596 αυτην
295 3546 330 3595 τῃ
343 3544 485 3594 cornetan.
508 3530 616 3578 Atticas
629 3536 721 3578 tamen
735 3529 837 3576 formas
849 3527 953 3576 Ionicis
966 3540 1145 3575 immrseursse
1159 3525 1227 3590 Hip·

97 3600 224 3651 Pocratem
238 3598 340 3648 statuit
353 3598 373 3647 1.
387 3597 431 3647 Fi.
445 3596 560 3646 Lobeck
572 3597 601 3646 in
613 3596 712 3648 Philol.
726 3595 800 3644 VlIl.
813 3610 840 3659 p.
853 3592 895 3643 20.

153 3675 205 3741 eas)
223 3682 286 3732 Vid.
306 3681 423 3732 Bredov.
440 3697 505 3747 pag.
522 3681 551 3731 7:
574 3680 815 3743 „Fundamentum
834 3679 918 3744 igitar
936 3678 1111 3728 Herodoteae
1129 3677 1228 3727 oratio·

95 3742 132 3793 nis
149 3754 188 3797 est
204 3766 305 3800 recens
317 3750 377 3807 Ias,
397 3764 465 3814 quae
484 3763 545 3799 cnm
563 3748 649 3798 multa
667 3763 728 3798 cum
740 3748 887 3797 Homerico
905 3762 1043 3809 sermone,
1062 3744 1148 3795 multa
1167 3761 1228 3795 cum

95 3818 177 3864 vetere
190 3818 286 3868 Attica
299 3817 419 3867 dialecto
431 3816 548 3866 haberet
560 3817 727 3877 communia,
747 3832 779 3865 eo
793 3814 906 3864 facilius
924 3816 1008 3865 etiam
1021 3814 1078 3863 alia
1091 3814 1227 3879 quaedam

96 3891 125 3927 ax
136 3879 184 3933 hac
198 3884 339 3936 affinitate
352 3886 476 3951 recipcre
491 3890 519 3934 et
532 3884 567 3934 ad
580 3899 643 3935 suas
656 3884 733 3948 leges
746 3885 865 3933 formare
878 3884 996 3948 potuit.“

155 3964 183 4029 †)
202 3969 283 4021 Conf.
297 3969 490 4035 Ephemeridd.
504 3970 612 4019 leneus.
629 3966 702 4018 1817.
720 3984 760 4017 nr.
778 3967 832 4017 lul.
846 3983 872 4031 p.
885 3964 935 4017 352
953 3971 981 4017 et
998 3967 1059 4018 add.
1072 3968 1108 4015 H.
1120 3962 1227 4031 Apetz,

96 4032 134 4091 qui
151 4035 185 4084 ad
196 4037 331 4089 Herodot.
345 4039 386 4099 ΙΙ,
401 4037 457 4087 121.
475 4052 540 4102 pag.
552 4036 604 4085 ’21111
620 4051 687 4085 suae
707 4037 772 4085 edit.
791 4036 832 4085 ita
849 4035 1022 4100 pronuntiat:
1047 4035 1158 4098 „Nimia
1176 4034 1229 4083 fuit

95 4106 327 4159 grammaticorum
344 4121 412 4171 prae
430 4107 550 4155 caeteris
567 4120 665 4169 opera,
685 4119 766 4169 quam
785 4104 812 4153 in
831 4120 863 4153 eo
881 4103 1067 4165 collocarunt,
1086 4108 1116 4151 ut
1131 4102 1227 4151 Musae

95 4164 219 4221 Herodoti
233 4173 375 4224 mulierum
388 4174 544 4223 Ionicarum
562 4187 635 4221 more
652 4173 784 4237 pretiosis
797 4172 908 4221 indutae
922 4172 1046 4221 vestibus
1058 4169 1226 4220 incederent.

94 4231 237 4289 Nonnullae
249 4242 394 4291 verborum
409 4242 523 4300 formos,
539 4255 607 4305 ques
619 4240 648 4288 in
660 4244 737 4289 textu
751 4240 909 4289 retinendas
922 4239 1054 4289 editomrm
1067 4237 1167 4300 religio
1181 4252 1228 4286 cu·

95 4304 172 4361 ravit,
190 4306 255 4357 huic
274 4309 366 4359 inutili
379 4310 470 4359 studio
483 4308 624 4358 debemus.
637 4334 671 4343 —
688 4308 751 4358 Non
763 4308 870 4365 dubito,
890 4306 954 4370 quin
967 4306 1120 4370 complures
1133 4305 1228 4353 harum

94 4366 233 4425 formarum
245 4377 358 4427 lonicae
372 4378 415 4427 vel
428 4377 516 4442 potius
528 4377 657 4442 politicae
673 4392 706 4426 ex
719 4376 845 4427 versibus
854 4374 968 4423 Homeri
981 4380 1010 4424 et
1022 4373 1148 4438 Pythiae,
1161 4387 1227 4437 quos
