2984 5154
433 399 633 460 URANIA.
655 401 745 462 VIII.
768 410 899 505 eso—55.
1203 408 1242 468 75

118 568 174 658 μὲν
199 566 375 659 ἐτράποντο
398 567 481 662 πρδς
503 566 561 653 τάς
583 570 708 661 πάλας,
742 571 864 655 ταύτας
893 575 930 645 δέ
953 569 1144 658 ἀνοίξαντες
1166 572 1245 656 τούς

118 674 216 752 λιιέτας
239 670 418 762 ἐφόνευον
453 676 523 744 ἐπεὶ
549 676 590 743 δέ
609 694 670 764 σφι
694 673 815 757 πάντες
839 678 1082 768 κατέστρωντο,
1109 674 1146 748 τδ
1170 675 1244 766 λρδν

117 772 309 862 συλήσαντες
335 777 521 866 ἐνέπρησαν
539 779 649 846 πᾶσαν
671 774 734 865 τήν
750 774 939 869 ἀκρόπολιν.

181 873 282 966 Σχοδν
316 876 354 947 δέ
389 879 574 958 παντελέως
600 874 657 959 τάς
681 874 826 969 Ἀθήνας
851 882 973 969 Ξέρξης
1007 875 1181 971 ἀπέπεμψε
1209 884 1290 963 ἐς54

115 981 220 1048 Σοῦσα
241 975 386 1068 άγγελου
410 982 526 1070 ίππία,
548 975 738 1075 Ἀρταβάνῳ
756 977 957 1071 ἀγγελέοντα
974 979 1036 1071 τήν
1053 981 1243 1073 παρεοῦσάν
1315 984 1319 991 ’

113 1100 165 1169 σφι
190 1076 383 1171 εὐπρηξίην.
425 1076 503 1152 Ἀπδ
531 1082 568 1152 δέ
594 1086 651 1170 τῆς
678 1085 817 1174 πέμψιος
843 1088 905 1179 τοῦ
929 1083 1074 1176 κήρυκος
1103 1087 1243 1175 δευτέρῃ

113 1176 206 1273 ήμέργ
223 1184 432 1272 συγκαλέσας
447 1179 636 1272 Ἀθηναίων
653 1182 730 1267 τούς
748 1185 918 1274 φυγάδας,
938 1215 1051 1279 εωυτφ
1071 1186 1109 1256 δέ
1127 1213 1242 1276 επομε-

111 1312 197 1371 νους,
216 1286 350 1355 ἐκέλευε
367 1283 478 1379 τρόπῳ
496 1290 545 1379 τῷ
560 1289 710 1380 σφετέρῳ
726 1290 833 1359 θῦσαι
850 1285 890 1359 τά
908 1285 979 1378 cod,
1004 1284 1191 1377 ἀναβάντας
1210 1292 1243 1370 ἐς

110 1382 163 1473 τήν
184 1382 384 1477 ἀκρόπολιν,
409 1397 444 1457 ελ
462 1416 497 1458 τε
516 1385 557 1476 δή
577 1378 624 1459 ἀν
647 1386 726 1473 ὄψιν
743 1387 818 1460 τινά
836 1387 920 1461 idolo
939 1394 1099 1460 ἐνυπνίου
1118 1393 1242 1461 ἐνετέλ·

113 1496 174 1559 lero
190 1495 313 1577 ταῦτα,
333 1499 370 1558 ελ
382 1518 418 1559 τε
435 1493 490 1559 καλ
509 1488 672 1580 ἐνθύμιόν
688 1496 722 1562 οί
738 1494 867 1580 ἐγένετο
886 1490 1088 1583 ἐμπρήσαντι
1105 1489 1141 1563 τδ
1159 1490 1242 1581 ίρόν.

109 1591 187 1661 dol
202 1589 357 1680 φυγάδες
374 1595 442 1665 τάν
462 1587 651 1680 Ἀθηναίων
669 1596 827 1682 ἐποίησαν
844 1590 884 1665 τά
902 1597 1128 1683 ἐντεταλμένα.
1174 1597 1242 1664 Τού
1248 1604 1288 1665 55

110 1691 142 1762 δέ
162 1697 289 1764 εἵνεκεν
308 1690 440 1765 τούτων
458 1693 687 1785 ἐπεμνήσθην,
711 1693 838 1786 φράσω.
876 1701 944 1766 ἐστι
968 1699 1005 1766 έν
1026 1699 1069 1787 τή
1084 1691 1242 1785 ἀκροπόλι

108 1928 275 1994 cogitandum
294 1927 380 1980 deiis
394 1930 494 1995 portis,
513 1946 584 1995 quse
602 1947 645 1997 ar:
698 1946 720 1982 s,
733 1931 954 1981 omnibusocor'sir.
984 1930 1060 1981 Idem
1071 1929 1183 1980 verbnm
1198 1946 1242 1980 eo-

108 1996 142 2045 cis
161 1997 303 2047 introitum
328 2014 345 2048 a
361 1997 451 2049 latere
467 1998 645 2062 occidentali,
698 1999 759 2049 dem
770 1999 904 2061 senauIX,
912 1997 1002 2049 0070.
1010 1998 1174 2065 οφ.Ι)1οι1οτ.
1182 1999 1240 2057 XV,

107 2057 186 2115 ubicd
197 2067 293 2131 τεῖχος
308 2070 383 2127 erat,
396 2066 578 2125 claudebant,
591 2068 646 2117 iam
697 2066 739 2117 80.
753 2068 831 2129 XIX,
847 2064 903 2117 108.
921 2066 1028 2118 Polluc.
1046 2067 1100 2128 IX,
1119 2065 1167 2117 153
1184 2064 1243 2131 (qui
1287 2102 1290 2108 .

108 2135 415 2253 arrepsisse
430 2124 646 2254 zolro
697 2124 990 2255 pronon
1004 2134 1242 2254 tornoden-

107 2266 150 2319 bas
171 2275 279 2335 portas,
311 2240 381 2335 qrias
406 2270 442 2321 ad
464 2271 646 2335 Enueopylou
698 2240 1035 2337 ipsiapluaquamperlecti
1050 2265 1241 2335 κατέστρωντο

107 2337 278 2400 probabiliter
296 2337 388 2389 refert
400 2337 506 2389 Preller
518 2338 547 2402 (J
549 2339 645 2391 abrbb.
698 2341 788 2390 forma
799 2340 823 2389 si
836 2354 966 2405 quaeras,
979 2340 1035 2391 vid.
1045 2339 1161 2390 Bredov.
1175 2355 1240 2405 pag.

108 2404 202 2457 thil,
218 2405 261 2458 73.
280 2423 312 2473 p.
331 2404 387 2469 70),
412 2408 527 2469 Persae,
551 2423 612 2457 cum
630 2424 647 2459 a
697 2407 758 2459 342.
782 2408 814 2457 Iu
827 2408 889 2471 ipse
901 2408 1060 2457 narratione
1071 2405 1171 2458 leviter
1182 2411 1242 2457 tan·

108 2475 284 2538 septentrione
313 2490 406 2526 arcem
427 2475 645 2538 adscendissent,
698 2481 756 2525 tum
773 2475 808 2525 ab
821 2473 960 2526 Herodoto
978 2473 1119 2540 discrepat
1131 2473 1242 2526 Ctesias

107 2542 255 2605 prinninae
276 2547 475 2594 converterunt
493 2543 648 2595 eoscilicet
698 2544 790 2593 Peras.
814 2544 838 2603 ξ.
863 2542 909 2603 25,
935 2542 983 2592 ubi
1005 2542 1125 2592 Xerxem
1147 2546 1243 2592 narrat

108 2610 222 2671 oonsilio,
249 2617 281 2662 nt
309 2612 430 2662 caeteris
450 2612 544 2663 Persis
569 2616 647 2663 extra
697 2612 787 2677 ipsam
798 2610 893 2660 urbem
912 2612 1020 2675 cepisse
1037 2624 1153 2659 vacuam
1171 2624 1242 2659 eam·

109 2692 188 2730 urcem
201 2679 304 2731 abbae
318 2684 398 2744 parte
411 2679 647 2732 adbucversanti·
698 2696 751 2746 que
774 2678 944 2739 Incendisse,
971 2680 1088 2741 excepta
1112 2692 1190 2735 aree,
1214 2678 1243 2727 in

109 2744 148 2797 bus
158 2747 304 2799 introitum
319 2751 458 2812 pararent,
471 2749 557 2813 portis
571 2763 648 2813 aper·
699 2763 754 2813 qna
770 2745 894 2797 nonnulli
911 2746 1095 2797 Athenienses
1116 2744 1244 2796 derelicti

108 2813 149 2864 tie:
170 2821 226 2871 tum
239 2817 353 2867 demum
366 2816 401 2867 ad
414 2816 507 2866 lanum
520 2816 587 2867 illud
601 2833 648 2869 ac·
698 2816 861 2881 pugnarint,
891 2814 989 2880 quibus
1014 2817 1096 2865 noete
1117 2811 1243 2880 profugia

109 2883 240 2944 cedentes,
254 2885 285 2935 in
299 2885 373 2949 quod
385 2884 569 2936 Athenienses
580 2901 647 2936 non·
699 2900 792 2935 arcem
805 2897 911 2950 quoque
925 2898 986 2934 esse
999 2882 1176 2934 combustam.

108 2951 167 3001 nulli
177 2953 379 3019 confugerant,
396 2952 447 3003 hos
464 2954 647 3007 trucidarunt.

108 3017 152 3080 Qui
169 3035 229 3071 cnm
243 3025 343 3072 essent
356 3013 463 3081 ἱκέται,
480 3026 511 3072 ut
522 3022 647 3073 Herodo·
892 3052 951 3104 CM,
976 3054 1041 3105 LIV

107 3088 220 3139 tradioit
233 3088 303 3152 (vid.
320 3103 426 3155 quoque
436 3090 469 3151 V,
479 3089 573 3140 51.77.
584 3091 645 3149 VIl,
952 3092 959 3105 '
1041 3090 1048 3105 ⁸

109 3153 148 3204 141
165 3156 257 3222 ibique
273 3156 373 3219 nott),
393 3172 426 3207 eo
442 3172 511 3209 sane
529 3162 647 3223 augetur
731 3148 914 3222 ἀγγελέοντα]
936 3157 982 3207 Ita
1004 3155 1142 3206 eduobus
1162 3155 1240 3206 codd.

108 3222 242 3276 Persarum
259 3225 411 3288 atrocitas,
428 3226 474 3291 qni
490 3225 645 3277 hominess
697 3241 746 3291 pro
768 3223 843 3291 vulg.
859 3216 1045 3289 α’γγελλέυκτο
1066 3228 1141 3274 recte
1167 3223 1242 3273 dedit

109 3290 266 3343 Graecorum
298 3293 441 3344 sententia
467 3293 646 3344 inviolabiles
697 3291 1242 3356 Valckenar.conferensEuripid.Phoe-

107 3356 208 3411 habitos
225 3365 255 3411 et
271 3361 387 3412 deorum
404 3361 509 3412 tutelae
524 3363 647 3413 commis·
698 3363 765 3412 nisa.
779 3360 837 3411 777.
854 3359 926 3411 1082.
956 3361 1041 3410 Plura
1055 3376 1088 3409 ex
1101 3359 1241 3409 Herodoto

107 3441 158 3483 sos.
173 3431 246 3480 omni
263 3430 328 3479 iure
340 3429 433 3480 diuino
450 3431 578 3495 neglecto
591 3435 647 3480 tru-
699 3429 782 3480 affert
796 3429 915 3479 Bredov.
935 3432 971 3493 (p.
990 3427 1063 3489 trel:
1087 3428 1115 3486 1,
1129 3425 1171 3476 43.
1190 3427 1239 3488 ΙΙΙ,

108 3495 224 3547 ciderunt
246 3512 337 3563 eoque
360 3512 492 3548 summurn
508 3498 648 3563 piacidum
701 3497 758 3548 134.
773 3497 819 3558 lV,
835 3494 1240 3557 14.127.151.711,147.7111,

109 3570 298 3616 contraxerunt
332 3581 366 3616 ao
399 3581 493 3631 parem
529 3566 647 3630 culpam,
697 3564 740 3616 97.
776 3566 819 3614 De
844 3564 979 3615 Artabano
1003 3563 1080 3613 Susis
1103 3561 1201 3613 relicto
1225 3577 1242 3612 a

109 3646 181 3695 quam
203 3633 321 3685 deorum
344 3633 512 3684 Graecorum
538 3635 647 3699 templis
697 3634 789 3683 Xerxe
807 3633 855 3683 vid
882 3633 945 3693 Vll,
964 3632 1008 3682 52.
1025 3630 1066 3682 53.
1101 3630 1142 3681 Ad
1158 3645 1242 3682 voces

108 3700 224 3763 spoliatis
237 3707 266 3753 et
278 3701 402 3753 incensis
414 3701 481 3763 (vid.
490 3703 522 3761 V,
534 3700 584 3752 102
597 3702 647 3751 ibi·
697 3692 755 3751 ἀπὸ
768 3698 819 3766 τῆς
830 3694 956 3766 πέμψιος
975 3700 1048 3750 conf.
1060 3714 1121 3749 mox
1134 3715 1195 3763 cap.
1208 3698 1242 3747 55

109 3782 154 3832 que
165 3768 252 3821 allata
270 3773 301 3819 et
313 3770 391 3831 VIII,
409 3769 466 3831 102)
482 3770 565 3820 iidem
584 3785 647 3820 con·
699 3774 727 3819 et
739 3769 793 3829 111,
807 3769 849 3818 42.

108 3839 250 3888 traxerant.
269 3838 305 3889 In
317 3837 370 3888 fine
384 3838 515 3889 adiiciam
526 3837 648 3888 Cornelii
731 3825 802 3900 ὄψιν
818 3828 883 3886 τινά
902 3827 973 3885 ideis
991 3825 1138 3899 ἐνυπνίου]
1163 3834 1242 3895 Quod

108 3902 215 3968 Nepotis
231 3904 326 3956 locum
342 3905 376 3956 de
390 3906 433 3955 his
446 3907 487 3956 ita
499 3906 647 3957 scribentis
698 3904 764 3954 olim
776 3905 838 3970 quis
851 3904 972 3955 coniecit
989 3896 1061 3953 ίδάν
1079 3893 1114 3952 ἐν
1130 3890 1241 3967 dorp,

109 3969 134 4020 in
148 3971 202 4023 Vir.
218 3972 402 4025 Themistocl.
418 3974 448 4024 4:
474 3974 529 4036 „At
542 3974 647 4024 Xerxes
697 3978 729 4022 ut
746 3973 847 4023 Noster
866 3970 987 4036 loquitur
1008 3971 1064 4029 111,
1083 3968 1125 4021 30.
1144 3968 1190 4029 05,
1214 3969 1242 4019 id

109 4038 295 4107 Thermopylis
328 4043 493 4108 expugnatis
523 4042 647 4107 protinus
698 4041 809 4091 minime
826 4038 1143 4113 videturueceqsarinm.
1178 4038 1241 4088 vid.

49 4149 54 4161 .
110 4110 223 4159 scceuit
234 4113 301 4160 astu
310 4109 391 4174 idque
403 4108 486 4161 nullis
498 4110 647 4160 deienden·
697 4109 764 4168 Vll,
779 4106 819 4159 18.
832 4107 874 4158 47.
910 4107 952 4156 Ad
965 4097 1001 4172 δή
1013 4122 1054 4156 ων
1066 4104 1177 4167 οοο1.Ι,
1191 4104 1242 4155 210

109 4174 188 4239 tibus,
210 4178 356 4241 Interfecto
372 4178 561 4235 τοοτνσοιίδυε,
585 4192 647 4244 orror
698 4177 791 4242 ibique
815 4179 883 4227 nott.
918 4174 961 4225 Ad
985 4173 1129 4224 formulam
1153 4163 1241 4224 leod·

110 4247 133 4292 λιι
143 4260 201 4295 arce
212 4249 359 4307 ίτττκτταί,
372 4245 500 4297 incendio
513 4245 647 4296 delevit.“
698 4238 765 4309 μιόν
787 4237 818 4294 ολ
834 4235 946 4309 ἐγένετο
970 4242 1042 4293 conf.
1061 4245 1130 4292 nott.
1153 4241 1188 4291 ad
1204 4241 1241 4299 ΙΙ,

142 4302 200 4364 isal
213 4307 246 4364 δέ
259 4326 312 4377 σφι
324 4305 429 4372 πάντες
441 4305 644 4378 κατέστρωντο]
701 4312 748 4363 175
766 4315 794 4362 et
811 4311 872 4362 edd.
890 4312 1005 4379 Burges.
1024 4309 1154 4377 Prolegg.
1167 4307 1240 4358 'l'hu-

112 4378 130 4427 i.
142 4394 165 4431 e.
179 4379 309 4433 obierum
324 4397 409 4433 omnes
426 4382 458 4433 ab
474 4383 506 4433 ἰίο
521 4383 650 4448 prostrati
698 4379 790 4446 cydid.
803 4395 830 4448 p.
842 4378 902 4431 283.
