2952 5156
226 380 287 441 136
661 366 929 429 unnouour

179 561 219 622 92
229 549 404 619 ἐσέπιπτον
423 547 454 624 ἐς
472 538 549 622 τούς
568 538 756 629 Αἰγινήτας.
788 534 954 610 Ἐνδαῦτα
970 535 1174 628 συνεκύρεον
1191 539 1275 625 νέες,
1293 533 1315 625 ἦ
1330 564 1367 606 τε

226 647 464 738 Θεμιστοκλέος
500 641 669 713 διωκουσα
702 643 777 728 νέα,
813 635 907 730 καίἡ
930 647 1141 728 Πολυκρίτου
1165 642 1226 709 τοῦ
1247 641 1368 729 Κριοῦ,

226 746 350 838 άνδρδς
376 742 579 834 Αἰγινήτεω,
608 749 666 832 νηῒ
688 745 877 832 ἐμβαλοῦσα
901 748 1071 831 Σιδωνίη,
1106 737 1191 829 ἥπερ
1215 736 1283 809 εἷλε
1306 736 1369 827 τὴν

227 846 531 941 προφυλάσσουσαν
558 847 612 915 έπί
639 842 781 936 Σκιάθῳ
807 839 869 931 τὴν
896 849 1091 931 Αἰγιναίην,
1129 837 1180 911 ἐπ’
1206 832 1245 931 ἧς
1272 848 1370 911 ἔπλεε

227 954 367 1039 Πυθέης
386 945 403 1018 ὁ
419 946 593 1037 Ἰσχενόου,
611 943 669 1016 τὸν
686 949 721 1015 οί
729 948 856 1033 Πέρσαι
875 946 1102 1014 κατακοπέντα
1119 939 1238 1035 άρετης
1257 948 1370 1013 εἵνεκα

229 1053 318 1143 εἰχον
337 1055 373 1122 ἐν
390 1054 432 1140 τῇ
448 1055 506 1138 νηῒ
531 1045 800 1137 ἐκπαγλεόμενοι·
827 1043 885 1116 τόν
909 1042 950 1135 δὴ
973 1043 1178 1135 περιάγουσα
1195 1041 1262 1135 άμα
1283 1061 1376 1117 τοῖσι.

228 1157 379 1245 Πέρσησι
402 1149 471 1240 ἥλω
489 1153 573 1238 νηῦς
595 1145 616 1237 ἡ
634 1154 802 1237 Σιδωνίη,
830 1144 914 1217 ὥστε
937 1149 1081 1235 Πυθέην
1103 1143 1192 1217 οὕτω
1215 1149 1371 1234 σωθῆναι

230 1260 263 1337 ές
282 1265 434 1343 Αἰγιναν.
471 1247 515 1332 τάς
534 1252 571 1320 δὲ
591 1254 696 1320 ἐσεῖδε
714 1247 775 1337 τὴν
792 1252 853 1320 νέα
869 1245 931 1337 τὴν
946 1243 1095 1335 Ἀττικίην
1111 1243 1130 1318 d
1148 1245 1370 1335 Πολύκριτος,

229 1365 332 1447 ἔγνω,
356 1352 392 1425 τό
415 1351 557 1443 σημήϊον
580 1349 665 1422 ίδοίν
687 1355 745 1439 τῆς
767 1356 1001 1439 στρατηγίδος,
1025 1352 1080 1419 καί
1098 1348 1209 1436 βόσας
1231 1345 1290 1419 τόν
1308 1358 1371 1419 Θε-

228 1460 404 1549 μιστοκλέα
428 1452 683 1544 έπεκερτόμησε,
721 1455 752 1533 ές
776 1455 844 1522 των
879 1454 1086 1540 Αἰγινητέων
1119 1448 1177 1521 τόν
1203 1447 1374 1541 μηδισμὸν

228 1557 410 1643 ὀνειδίζων.
455 1559 559 1626 ταῦτα
582 1556 647 1643 μέν’
661 1583 726 1624 νυν
743 1559 801 1641 νηῒ
823 1549 976 1642 έμβαλεάν
1001 1548 1019 1623 ὁ
1046 1551 1252 1640 Πολύκριτος
1269 1547 1372 1642 άπέρ

229 1676 306 1750 ριψε
339 1663 371 1740 ές
398 1659 628 1747 Θεμιστοκλέα.
701 1659 746 1724 Oi
771 1655 808 1724 δὲ
834 1653 1011 1744 βάρβαροι,
1044 1658 1112 1724 τεόν
1144 1658 1181 1723 αἰ
1203 1656 1276 1734 νέες
1309 1670 1420 1723 res-662

229 1764 432 1851 ριεγένοντο,
467 1756 649 1847 φεύγοντες
675 1752 833 1827 άπίκοντο
861 1758 893 1836 ές
920 1754 1076 1847 Φάληρον
1092 1750 1160 1825 dmi
1188 1752 1247 1825 τόν
1272 1751 1375 1841 πεζόν

229 1861 378 1954 στρατόν.
406 1944 411 1954 .
505 1880 509 1887 '

183 1974 223 2036 93
305 1959 359 2035 Ἐν
382 1963 419 2032 δὲ
441 1965 483 2051 τῇ
499 1968 666 2051 ναυμαχίη
689 1957 793 2050 ταύτῃ
817 1956 965 2049 ἥκουσαν
983 1953 1151 2048 Ἑλλήνων
1167 1956 1287 2048 ἄριστα
1314 1965 1375 2029 Αἰ·

231 2161 266 2212 sd
281 2161 360 2222 VIII,
379 2157 413 2209 ‘16
435 2163 463 2208 et
479 2158 513 2208 do
529 2158 615 2209 verbo
631 2154 775 2222 κεραΐζων
827 2157 1296 2211 snnodiaeerat.Ubidistinetionenr
1308 2164 1377 2208 ente

229 2230 258 2278 in
271 2233 341 2278 nott.
360 2228 396 2278 nd
407 2228 485 2281 VIII.
500 2224 548 2287 8d;
568 2227 602 2276 ad
620 2227 707 2277 verbe
724 2241 775 2291 φε·
828 2218 1032 2291 ἐπεκερτόμησε
1050 2226 1143 2276 delevi
1158 2241 1220 2276 oum
1232 2224 1377 2291 Schweig-

231 2292 347 2361 ρόμενοι
372 2286 524 2345 ἐσέπιπτον
548 2294 622 2344 eoni.
646 2299 713 2345 nott
740 2295 775 2345 ad
826 2295 962 2345 haensero
973 2295 1003 2344 in
1015 2295 1082 2344 Lex.
1096 2294 1197 2344 Herod.
1215 2292 1247 2356 (1.
1260 2310 1287 2358 p.
1300 2293 1377 2357 256),

229 2365 305 2425 VIII,
317 2363 359 2412 87.
386 2362 490 2413 Statuit
502 2366 594 2412 autern
605 2361 635 2412 C.
646 2362 680 2413 0.
690 2362 776 2412 Muel·
828 2363 873 2427 qui
894 2363 966 2412 idem
990 2363 1017 2412 in
1036 2362 1139 2411 Latino
1155 2362 1283 2412 versione
1301 2360 1377 2412 haee

231 2433 272 2482 Ier
288 2432 428 2496 AegInett.
452 2446 516 2496 pag.
536 2429 584 2479 124
601 2430 672 2481 haee
690 2431 776 2481 verbs
827 2430 897 2480 scite
911 2445 972 2480 eum
985 2431 1013 2479 in
1023 2430 1131 2481 modum
1143 2429 1275 2480 reddidit:
1294 2431 1378 2480 inela-

229 2515 284 2549 non
308 2498 343 2549 nd
365 2498 430 2548 illes
446 2498 560 2563 triginta
577 2498 775 2563 Aeginetnrum
826 2514 897 2548 ruens
913 2498 1071 2548 Themistocli
1086 2504 1112 2547 et
1127 2499 1246 2548 eonoieit'r
1261 2512 1318 2547 eron
1341 2500 1379 2548 in·

230 2582 330 2627 neves,
345 2582 415 2631 qnee
428 2582 538 2631 pugnae
549 2559 680 2615 dicuntur
691 2566 776 2615 inter·
826 2572 951 2628 sectatus,
975 2569 1026 2627 its,
1051 2566 1103 2626 ait,
1125 2566 1268 2631 Aeginetae
1286 2565 1378 2616 suern

231 2636 317 2685 fuisse
335 2635 415 2697 VIII,
434 2634 476 2683 45.
489 2634 537 2697 46,
559 2649 684 2699 quaeque
703 2635 776 2683 intro
824 2634 922 2697 levent.
959 2634 1000 2696 'I'u
1013 2633 1069 2684 vid.
1082 2649 1165 2698 supro
1178 2633 1212 2682 ad
1225 2633 1273 2693 VI,
1285 2631 1323 2683 49
1337 2633 1377 2683 al-

231 2704 330 2753 fretum
345 2719 405 2752 enm
418 2701 629 2767 Megarensibus
647 2707 675 2750 et
686 2703 776 2751 Lnee·
828 2701 896 2750 Ista.
931 2702 990 2752 Noe
1003 2701 1074 2752 mele
1086 2701 1114 2751 h.
1128 2700 1146 2750 I.
1164 2702 1377 2767 Wersetiny.:

230 2770 383 2820 daemoniis
400 2774 550 2829 steterant,
570 2770 668 2818 referri
685 2785 775 2834 posse,
829 2769 879 2832 „In
900 2768 971 2818 huno
993 2785 1058 2835 ergo
1074 2769 1272 2834 Aegineterum
1287 2768 1378 2846 μηδι·

230 2837 279 2887 sed
297 2837 330 2885 de
348 2835 465 2885 navibus
484 2836 518 2885 nd
531 2836 655 2901 Aeginae
672 2837 776 2901 proesi·
829 2828 901 2901 σμδν
910 2837 971 2902 ipso
984 2837 1012 2885 in
1023 2836 1168 2887 eonflietus
1178 2836 1286 2886 fervore
1298 2850 1377 2887 ονει-

231 2905 304 2953 dium
316 2904 431 2965 relictis,
442 2919 512 2967 quae
522 2904 690 2969 interipsum
700 2921 779 2970 proe-
829 2902 914 2966 δίζει,
936 2920 987 2955 seu
1003 2920 1057 2954 non
1072 2905 1133 2954 sine
1150 2903 1249 2968 probro
1265 2904 1377 2955 invehi·

231 2971 297 3020 lium
319 2971 521 3036 praecinuerint
542 2972 640 3021 fretum
662 2972 778 3021 Salerni·
829 2978 873 3022 tur
885 2978 914 3022 et
925 2972 1022 3022 obiicit
1033 2971 1243 3022 Atheniensium
1255 2972 1378 3037 impers-

231 3039 319 3093 ninrn,
349 3038 389 3087 ita
417 3042 448 3087 ut
471 3040 558 3088 omnis
581 3039 776 3103 Aeginetnrum
828 3041 895 3103 tori,
915 3042 1030 3105 qnippe,
1050 3040 1120 3105 quod
1137 3055 1181 3089 res
1198 3039 1377 3103 ostendebat,

233 3105 332 3155 elensis
350 3104 455 3170 proelio
475 3106 640 3158 interfuerit.
828 3107 1197 3171 fietissimnm,Poneritus.“
1209 3106 1379 3158 C.O.Muel-

827 3176 869 3225 Ier
885 3176 1026 3242 Aeginott.
1044 3192 1070 3241 p.
1090 3174 1137 3224 125
1159 3174 1232 3224 hune
1250 3174 1379 3238 Polycri-

418 3274 589 3325 cnxcn.
827 3242 1379 3377 tr,Isiddrrtdtitttrtdss

230 3375 776 3510 1‚,eueu²euut‚tu·tit}
826 3376 1378 3509 iiflfidif'dzdd’„diffidis?

232 3518 299 3562 nott.
331 3513 373 3561 Ad
386 3508 558 3576 συνεκύρεον
571 3514 644 3563 conf.
658 3518 727 3563 nott.
740 3514 776 3563 ed
827 3531 873 3566 rus
886 3516 914 3564 in
927 3515 1022 3565 Lexie.
1036 3514 1138 3565 Herod.
1149 3514 1185 3563 11.
1196 3531 1222 3579 p.
1233 3463 1285 3564 II3
1298 3515 1377 3566 reddi

231 3579 311 3641 VIII,
330 3578 371 3629 87.
412 3579 502 3643 Κριοῦ
525 3588 600 3631 reete
623 3582 648 3632 h.
667 3581 685 3631 l.
708 3582 775 3632 sori·
826 3583 898 3633 vult:
920 3583 966 3633 sud
975 3585 1106 3647 pedestris
1123 3583 1257 3632 eoeereitnr
1274 3582 1334 3647 (qni
1348 3584 1377 3633 in

232 3652 306 3711 ptum
326 3662 342 3695 n
359 3662 428 3696 voee
447 3640 567 3710 Κριὸς,
592 3649 625 3697 de
648 3664 702 3713 qun
720 3650 774 3699 vid.
826 3667 876 3701 στα
887 3652 971 3701 meris
983 3650 1087 3711 stsbst)
1099 3653 1210 3700 tutelam.
1245 3650 1377 3702 Turoni.

231 3719 299 3763 nott.
319 3714 353 3763 ud
371 3714 424 3775 VI,
443 3714 484 3765 50.
521 3715 645 3779 Pythone
667 3717 776 3768 fseinus
826 3718 910 3768 etiarn
922 3723 991 3769 nott.
1006 3719 1041 3769 ed
1054 3718 1099 3781 VI,
1113 3717 1155 3767 72.

231 3782 331 3830 Noster
347 3781 404 3831 inm
420 3797 503 3847 supra
515 3784 581 3845 VII,
597 3781 642 3832 181
662 3801 777 3835 eommo-

233 3855 402 3911 1noroverst,
427 3850 474 3900 ubi
498 3851 551 3903 vid.
573 3856 641 3902 nott,
681 3853 722 3902 Ad
745 3844 777 3903 τό

232 3911 356 3990 σημήϊον
368 3918 440 3967 conf.
454 3918 537 3979 VIII,
550 3917 584 3967 88
601 3919 675 3969 etde
689 3921 777 3971 forme

233 3981 326 4047 βωσας
343 3989 409 4035 nott
428 3985 607 4047 ad1,10.—
626 3988 678 4038 Pro
693 3985 775 4054 Θεμι-
861 3978 1251 4056 ἦκαυσανἙλλῆνωνάριστα
1262 3983 1379 4056 Αἰγινῆ-

1008 3888 1076 3938 Cur.
1095 3886 1195 3939 XCIII.

233 4049 355 4117 στοκλῆα
368 4052 430 4101 δεδί
444 4049 643 4117 Θεμιστοκλέα.
827 4055 887 4123 ται]
906 4058 948 4108 Ad
960 4058 1032 4108 hene
1044 4057 1243 4122 Aeginetnrum
1249 4057 1377 4174 ¹{loriam

273 4110 520 4186 έπεκερτόμησε-
536 4111 695 4190 ὀνειδίζων]
716 4126 733 4174 i.
751 4140 775 4174 e.
827 4126 953 4175 Nonnum
977 4126 1117 4191 respicere
1145 4130 1226 4190 putet
1276 4125 1378 4189 oeehiy

232 4189 370 4237 irrelomons
395 4188 580 4240 Tdenristoeiem
601 4193 721 4241 conviciis
741 4195 777 4242 in-
829 4194 882 4255 (De
905 4194 996 4243 Nonni
1019 4194 1149 4257 Dionyse.
1172 4192 1235 4244 libr.
1256 4193 1377 4243 XXXIX

231 4261 344 4306 rectatus
356 4263 409 4318 ere,
427 4259 592 4322 reprobronr
608 4260 643 4318 ei,
663 4275 727 4325 ριιοε
744 4262 776 4311 de
827 4263 977 4312 Dissertnt.
991 4261 1085 4311 Turiei
1101 4260 1175 4323 1855)
1194 4276 1219 4325 p.
1236 4259 1266 4309 17
1284 4261 1312 4310 in
1326 4277 1377 4326 pn·

234 4324 415 4388 Ατγίιιείοταιιι
437 4327 554 4376 νιεδίιιιιο
575 4328 616 4377 ille
636 4328 777 4394 superiore
828 4345 883 4395 gne
894 4329 987 4380 navali
997 4329 1103 4379 Bneehi
1112 4344 1174 4379 eum
1183 4327 1260 4380 Indis
1272 4327 1378 4379 deseri·
