2952 5156
499 419 702 485 URANIA.
726 419 815 486 vm.
841 435 901 491 109.
1206 425 1266 495 163

120 593 342 682 καταβάλλων
369 599 438 666 των
460 599 553 665 θεῶν
576 594 615 666 τό
638 592 826 687 ἀγάλματα,
855 592 891 678 ός
921 600 976 666 καί
1003 596 1065 686 τήν
1092 598 1268 670 θάλασσαν

118 694 375 786 ἀπεμαστίγωσε
392 699 496 778 πέδας
512 725 549 767 τε
566 703 695 786 κατῆκε.
720 694 795 768 ἀλλ’
815 688 854 768 εὖ
870 696 934 789 γὰρ
954 707 1019 789 ἔχει
1038 704 1070 781 ἐς
1087 698 1124 770 τό
1142 699 1268 790 παρεόν

119 794 204 887 ἡμῖν
227 801 295 868 νῦν
316 799 379 888 μὲν
404 801 441 868 ἐν
462 802 504 889 τῇ
527 794 657 870 Ἑλλάδι
681 807 941 890 καταμείναντας
963 796 1074 890 ἡμέων
1096 831 1132 871 τε
1155 798 1267 873 αὐτῶν

122 903 367 989 ἐπιμεληθῆναι
385 903 440 970 καὶ
458 904 526 970 των
543 905 715 972 οἰκετέων·
739 910 798 972 καί
817 931 865 983 τις
888 909 997 990 οἰκίην
1019 931 1055 973 τε
1077 899 1266 973 ἀναπλασά-

121 1013 197 1071 σθω
217 1004 273 1071 καὶ
292 1000 419 1091 σπόρον
437 998 568 1084 ἀνακως
587 1006 706 1093 ἐχέτω,
725 1006 911 1085 παντελέως
928 1001 1094 1086 ἀπελάσας
1111 1002 1170 1075 τόν
1187 1005 1266 1097 βόρ-

71 1110 244 1193 σῖιβαρον
262 1100 330 1193 ἅμα
349 1105 386 1173 δὲ
403 1107 450 1197 τῷ
467 1110 539 1193 ἔαρι
557 1110 792 1195 καταπλέωμεν
810 1108 863 1176 ἐπὶ
878 1102 1120 1195 Ἑλλησπόντου
1138 1110 1193 1176 καί
1202 1103 1266 1182 Ἰω-

120 1213 205 1292 νίης.
248 1209 360 1275 Ταῦτα
378 1213 481 1295 ἔλεγε,
499 1203 677 1296 ἀποθήκην
695 1210 824 1298 μέλλων
843 1207 1042 1296 ποιήσεσθαι
1061 1212 1093 1289 ές
1111 1207 1169 1279 τόν
1181 1212 1266 1300 Πέρ-

362 1366 452 1436 βωμολ
466 1361 494 1421 δ’
507 1364 614 1435 ι’ίϊστοι,
630 1365 776 1437 δαιμόνων
789 1364 824 1424 δ’
837 1365 983 1440 ἰδρόματα

361 1431 499 1504 πρόρριζα
512 1435 629 1506 φύρδην
642 1431 867 1507 ἐξανέστραπται
880 1436 1010 1509 βάθρων.

120 1537 328 1603 Wesselmgius
345 1539 379 1589 dc
397 1540 572 1591 inflammatis
586 1541 671 1591 Grec·
723 1559 770 1609 que
781 1550 914 1593 cernentem
921 1545 991 1605 fieri.
1020 1544 1063 1593 ltu
1075 1543 1209 1595 Volchon.
1223 1546 1267 1595 De

121 1621 216 1655 corum
235 1621 252 1655 ε
266 1607 361 1656 Persis
377 1607 488 1673 templis
505 1608 613 1658 consuli
631 1610 671 1658 iu·
723 1612 880 1676 pronomine
893 1626 945 1668 τις,
959 1611 1028 1675 quod
1040 1612 1069 1661 h.
1079 1611 1096 1662 l.
1107 1614 1179 1662 idem
1190 1612 1268 1663 valet

121 1674 170 1723 bet
181 1674 296 1740 Menug.
307 1674 463 1740 inDiogeu.
474 1677 496 1737 Ι,
507 1675 525 1726 9
537 1681 566 1725 et
575 1677 671 1727 Doris.
724 1682 806 1742 atque
824 1678 883 1737 πᾶς
899 1694 942 1736 τις
959 1678 1025 1740 (vid.
1042 1694 1068 1730 v.
1087 1695 1110 1730 c.
1128 1680 1266 1744 Aristoph.

120 1742 256 1791 iuCicer.
270 1743 313 1791 De
330 1741 405 1807 legg.
419 1744 459 1805 ΙΙ,
480 1743 519 1793 ll.
556 1744 671 1796 Tuvid.
723 1747 773 1796 Ar.
789 1745 861 1795 1186.
874 1746 976 1795 Herod.
990 1746 1144 1807 vl11,1·23.
1158 1747 1265 1809 1x,·29.

121 1811 208 1859 etiam
222 1810 259 1860 ad
270 1810 404 1861 Herodot.
416 1811 448 1873 V,
465 1809 512 1861 102
525 1811 622 1862 allsts.
723 1812 767 1877 89)
776 1829 798 1864 s.
810 1807 852 1871 εἰς
862 1808 979 1871 ἕκαστος
988 1814 1185 1880 (unusquisque),
1195 1819 1267 1864 teste

153 1867 189 1935 δς
205 1872 258 1927 καλ
276 1870 331 1942 τήν
347 1871 500 1929 θάλασσαν
516 1869 672 1943 ἀπεμαστί-
723 1881 852 1931 Eustoth.
865 1882 900 1931 ed
913 1880 965 1930 Od,
978 1882 1030 1930 ΙΙΙ.
1044 1898 1070 1947 p.
1086 1881 1142 1943 123,
1156 1882 1198 1931 25.
1211 1882 1266 1931 vid.

119 1943 203 2010 γασε]
224 1946 286 1995 vid.
301 1946 366 2007 v11,
379 1945 421 1996 35.
462 1946 586 2012 Sequens
603 1963 670 1998 κατ·
721 1950 821 1999 Metth.
836 1949 881 1999 Gr.
896 1949 943 1998 Gr.
956 1950 979 2009 ξ.
992 1947 1057 2011 487,
1071 1949 1095 2009 2,
1113 1949 1267 1999 Blomfield.

118 2012 172 2078 rjus
185 2012 324 2062 Valckeu.
337 2015 439 2063 mutari
455 2015 514 2064 vult
530 2015 559 2064 in
572 2006 670 2079 έγκατ-
723 2016 844 2067 Glossur.
869 2017 905 2066 ed
928 2016 1060 2080 Aeschyli
1083 2016 1205 2082 Ghoe'ph.
1223 2016 1266 2067 53.

118 2081 182 2147 ήτε,
195 2080 260 2130 scil.
269 2079 303 2146 τῇ
316 2073 458 2147 θαλάσση,
472 2097 524 2147 quo
534 2097 602 2132 sune
615 2098 671 2132 non
721 2085 824 2135 Eodem
842 2084 921 2134 modo
938 2086 1039 2135 Noster
1055 2086 1107 2145 IX,
1126 2085 1170 2134 172
1193 2076 1266 2135 α’λλά

118 2164 197 2214 opus.
236 2148 363 2214 Simplici
380 2149 478 2213 serbo,
505 2150 599 2200 eodem
613 2151 668 2211 ob·
721 2146 840 2217 μαθέτω
857 2142 1032 2210 vicesimis.
1067 2152 1136 2203 Add.
1154 2153 1207 2215 IX,
1224 2152 1265 2203 78.

119 2221 254 2266 semente
272 2216 471 2280 Valckenorlo,
495 2218 584 2268 utitur
604 2218 670 2267 Dio·
721 2217 947 2281 0011001,οε
966 2209 1072 2283 ἄνδρες
1086 2210 1192 2282 Ἴωνες,
1212 2220 1268 2270 νδν

120 2300 185 2350 gen.
207 2284 306 2334 Leiirt.
324 2284 448 2336 Prooem.
469 2288 493 2347 ὅ.
511 2284 529 2335 0
550 2286 670 2349 itemque
722 2303 773 2346 τις
785 2280 881 2353 δμέων
897 2273 929 2337 εὖ
946 2280 1069 2353 ποιήσας
1086 2281 1205 2354 φανήτω
1217 2281 1268 2338 τὸν

121 2352 255 2403 llerodot.
270 2351 392 2412 V11‚35.
719 2350 850 2419 βασιλέος
868 2347 958 2404 οἰκον.
994 2356 1031 2403 Et
1047 2356 1088 2404 sic
1105 2356 1179 2405 infru
1191 2356 1265 2417 Vlll,
1287 2364 1296 2379 “

152 2419 211 2470 νῦν
222 2412 564 2487 μὲν-καταμείναντας]
577 2420 667 2485 Vulgo
721 2422 783 2472 118:
803 2412 910 2485 ἄνδρες
925 2415 1047 2484 Πέρσαι,
1063 2420 1118 2472 νῦν
1134 2439 1186 2480 τις
1204 2421 1266 2473 δια-

118 2486 373 2553 κακαμείνοντες,
387 2488 669 2539 cuius1000Vslcke·
720 2485 829 2552 δεξιίτω
842 2480 937 2553 όμέων
952 2483 1082 2553 βασιλέας
1096 2485 1265 2554 κηδόμενος.

119 2572 179 2607 nur.
199 2556 301 2621 reponi
317 2556 404 2606 uoluit
419 2555 667 2622 καταμείναντας,
721 2560 810 2607 -De
825 2556 940 2621 reliquis
960 2558 1001 2605 ita
1016 2556 1267 2607 Valckenarius:
1365 2567 1369 2574 ·

120 2624 191 2690 quod
210 2625 241 2673 iu
258 2639 308 2673 ors
325 2624 456 2689 Stephsn.
474 2630 565 2674 exstet
586 2625 668 2688 quod·
720 2626 927 2687 „Rarissimam
945 2623 1062 2673 arbitror
1080 2623 1147 2673 illud
1169 2618 1268 2689 οἰκίην

120 2708 172 2756 que
185 2706 242 2742 non
260 2689 434 2756 displicuisse
448 2692 506 2742 vidi
518 2691 669 2742 Wesselin-
720 2685 946 2744 ἀναπλασάσθω.
955 2686 1271 2756 Νἰδααιβαρενε,πλάσαι

120 2762 167 2825 gio
178 2761 268 2823 (Dies,
278 2759 381 2810 Herod.
390 2760 439 2810 XI.
450 2776 478 2825 p.
487 2758 557 2822 202),
571 2760 604 2809 de
618 2759 669 2809 hoc
722 2754 825 2828 δόμον,
850 2759 920 2809 dixit
935 2761 1059 2808 incertus
1075 2761 1159 2824 polite
1177 2757 1267 2825 [quem

119 2828 286 2877 weusutiro
298 2827 482 2892 subsequente
499 2826 671 2892 comparanti
721 2829 885 2894 Sophoclem
916 2842 978 2876 esse
1010 2827 1082 2876 idem
1112 2828 1268 2891 suspicatur

119 2896 201 2956 Vlll,
220 2893 276 2945 100.
288 2895 330 2957 Π,
346 2894 404 2945 151.
416 2896 480 2957 Vll,
500 2895 555 2944 144.
584 2895 670 2958 Equi·
721 2891 901 2958 Valckenar]
915 2893 988 2960 opud
1001 2895 1120 2959 Lycurg.
1132 2910 1196 2961 pag,
1208 2892 1266 2957 100,

120 2964 182 3013 dem
200 2978 265 3012 eum
282 2963 473 3012 recenttedd.
489 2962 584 3028 recepi
602 2961 670 3012 illud
722 2966 762 3015 35.
781 2963 857 3030 [pag.
875 2960 926 3011 220
938 2962 1032 3012 Reisk.
1057 2962 1099 3011 Tu
1116 2963 1190 3012 coni.
1204 2975 1267 3027 quo-

119 3028 380 3096 καταμείναντας,
399 3031 469 3094 quod
481 3030 553 3080 idem
566 3030 671 3094 profert
723 3048 774 3098 que
787 3030 985 3096 Wyttenbach.
1000 3030 1035 3079 od
1047 3030 1119 3079 Plut.
1133 3030 1231 3081 Morsl.
1245 3031 1266 3079 l.

120 3099 254 3148 huebner
265 3097 312 3148 Gr.
325 3098 371 3149 Gr.
383 3099 406 3160 0.
419 3095 517 3161 otum
531 3097 670 3161 Schweig-
722 3118 747 3166 p.
760 3100 818 3149 755.
850 3124 881 3132 -
900 3088 1014 3156 ἀνακῶς
1032 3088 1116 3163 έχέτω
1133 3098 1205 3148 idem
1224 3103 1268 3148 est

120 3166 274 3217 baeuserus
304 3165 339 3216 ob
365 3165 481 3217 similem
505 3170 670 3216 structuram
723 3174 805 3233 utque
834 3164 993 3231 πιμελείτω.
1019 3166 1218 3215 VidPlersou.
1233 3165 1267 3215 ed

120 3234 290 3285 nominativi
300 3232 437 3283 infinitivo
446 3234 533 3284 iuncti
543 3234 565 3293 1,
575 3232 616 3283 56.
627 3231 669 3282 03.
721 3238 808 3286 Moer.
825 3236 883 3284 Au.
903 3232 1010 3298 p.43.“
1045 3234 1078 3283 ln
1095 3233 1195 3283 Glosss
1211 3233 1267 3281 He·

120 3303 172 3364 lv,
194 3302 236 3352 lo.
258 3300 305 3351 137
330 3316 348 3350 ε.
365 3301 479 3366 vulgate
505 3300 584 3350 libris
605 3300 670 3350 reli·
721 3304 849 3361 rodotes.
868 3315 949 3366 quam
968 3300 1087 3350 adhunc
1104 3301 1268 3364 locumspe-

119 3370 181 3436 quis
199 3370 383 3435 comprobata
402 3376 477 3419 sture
499 3368 610 3429 maluit,
636 3368 670 3417 de
723 3377 799 3422 ctare
812 3369 909 3421 volunt
923 3368 989 3429 (vid.
1003 3367 1145 3417 Glossario
1158 3368 1187 3415 in
1198 3368 1269 3431 Hip·

120 3454 176 3504 (ΙΝ
192 3438 237 3487 51⁸
253 3436 405 3487 Msssthiflffl
427 3435 671 3502 ,comparavere
721 3443 828 3505 pocrut.
853 3441 881 3486 et
903 3435 1037 3485 Herodot.
1059 3435 1101 3484 ed.
1119 3435 1220 3484 Frons.
1240 3451 1268 3498 p.

119 3521 221 3556 vereor
233 3520 269 3554 ne
287 3505 315 3553 in
333 3506 462 3569 syntaxin
474 3510 587 3571 peccet:
605 3520 670 3552 nam
721 3507 798 3570 002),
816 3497 930 3561 α’νακως
949 3503 1103 3567 explicatur
1121 3493 1267 3565 ἐπιμελῶς,

118 3575 169 3624 ubi
192 3573 349 3622 infinitivus
372 3589 421 3639 pro
442 3575 531 3638 prima
551 3587 670 3638 persons
723 3569 912 3640 φυλακτικῶς.
942 3571 985 3620 Tu
998 3569 1052 3620 vid.
1066 3570 1152 3620 etium
1163 3571 1267 3620 Herod.

119 3642 296 3692 coniunctivi
308 3643 430 3706 ponitur,
448 3641 581 3702 subiecti,
601 3639 670 3704 quod
721 3643 748 3705 Ι,
760 3643 795 3691 24
811 3642 905 3705 ibique
918 3644 987 3690 nott.
1006 3644 1035 3689 et
1047 3631 1145 3689 Metth.
1159 3637 1205 3687 Gr.
1219 3638 1266 3687 Gr.

119 3714 239 3770 coeunt,
266 3722 428 3774 eorumque,
453 3724 523 3774 quse
540 3708 604 3757 huic
624 3707 671 3757 ad·
722 3713 746 3771 §.
761 3708 820 3760 348.
855 3708 934 3757 uitat
948 3706 1020 3755 haec
1032 3706 1168 3756 Herodoti
1182 3706 1268 3756 verbo

119 3780 218 3827 iuncta
242 3781 320 3837 sunt,
352 3778 528 3828 aecusativus
553 3776 670 3826 additur.
721 3776 849 3828 Eusteth.
875 3775 911 3825 ud
932 3775 1046 3824 Homeri
1063 3773 1161 3837 Odyss.
1183 3774 1205 3822 Ι.
1227 3787 1268 3822 vs.
1295 3793 1298 3798 ·

120 3845 182 3895 vid
196 3845 274 3894 infru
286 3845 338 3905 lx,
356 3842 391 3894 00
409 3849 436 3894 et
451 3843 570 3895 Grumm.
585 3844 632 3894 Gr.
646 3844 670 3903 ἕ.
722 3845 781 3897 397.
795 3859 859 3911 pag.
872 3842 919 3904 67,
933 3841 965 3891 47
980 3842 1022 3891 ed.
1036 3841 1138 3901 Busil.‚
1154 3841 1202 3890 ubl
1219 3856 1268 3905 pro

119 3912 181 3963 546.
199 3928 266 3979 pag.
289 3910 352 3960 1072
371 3927 428 3976 seq.
452 3912 494 3962 ed.
513 3927 569 3961 see.
610 3911 671 3959 Hoc
723 3905 1021 3977 σπόρονδαλσποροῖς.

119 3997 187 4031 vero
211 3980 276 4029 loco
287 3971 508 4059 ἱέιτιμεληδήναι
530 3978 671 4030 commode
757 3971 916 4044 ἀποθήκην
927 3970 1037 4043 μέλλων
1048 3968 1224 4042 ποιήσεσθαι
1240 3966 1268 4031 ές

120 4048 246 4099 ererbis
263 4062 297 4098 ευ
313 4063 369 4113 γαρ
387 4041 444 4113 ἔχει
462 4048 537 4097 nocti
550 4046 671 4112 potest.“
722 4040 772 4099 τόν
789 4041 913 4111 Πέρσην]
945 4046 1120 4110 „Sequentia
1142 4058 1203 4092 cum
1225 4043 1269 4091 his

120 4144 157 4154 —
176 4117 283 4166 Vocem
306 4109 425 4165 οἰκετων
448 4115 544 4165 eodem
567 4113 671 4179 signifi·
724 4117 841 4166 arbitror
858 4113 1012 4177 iungendo,
1032 4103 1060 4171 ές
1076 4104 1128 4161 τόν
1145 4105 1266 4173 Πέρσεα,

121 4190 200 4247 catu,
216 4199 270 4248 quo
283 4184 360 4245 vm,
375 4181 431 4243 100,
447 4184 537 4248 accipi
549 4182 642 4232 velim.
724 4181 773 4234 ἵνα
791 4171 838 4248 (ἢν
858 4173 916 4244 ἄρα
941 4179 972 4229 τί
989 4196 1040 4246 μιν
1061 4173 1270 4253 καταλαμβρίνῃ

155 4251 211 4303 καί
228 4267 272 4309 τις
288 4246 387 4316 οἰκίην
402 4266 433 4301 τε
454 4244 671 4301 α’ναπλασάσθω
723 4244 793 4315 πρδς
820 4243 980 4313 Ἀθηναίων
997 4241 1105 4310 πάθος)
1127 4241 1176 4312 ἔχη
1196 4260 1268 4294 ατο·

120 4316 173 4371 καὶ
190 4312 302 4383 σπόρον
318 4310 433 4377 α’νακοῖς
451 4310 545 4385 έχέτω]
567 4320 583 4367 i.
598 4335 621 4368 ε.
636 4318 671 4367 El
723 4310 864 4384 στροφήν,
875 4319 917 4367 ito
925 4316 1175 4432 tamemutplartim
1185 4312 1268 4361 etiem

120 4391 293 4456 ιαικσηιᾰκηκε
309 4390 409 4451 reficiat
426 4389 505 4438 σείει
515 4402 576 4439 αισι
587 4394 670 4437 curet·
703 4387 758 4437 -ed
769 4385 818 4436 ille
828 4386 996 4450 pertineant,
1009 4377 1059 4435 τὸν
1099 4377 1190 4444 έρσεα,
1205 4381 1270 4428 Pera

999 4467 1063 4535 11*
