2952 5156
227 389 287 450 156
661 380 928 442 HERODOTI

225 553 314 645 ταρὰ
335 557 473 645 βασιλέα
495 550 562 644 μετ’
581 550 694 624 ἄλλων
712 551 840 644 δώρων.
869 551 992 643 χρόνον
1020 552 1056 622 δέ
1083 549 1256 640 προϊόντος
1282 550 1366 622 aciv-

158 671 218 731 106
226 687 294 728 των
311 661 378 728 ταῖν
396 653 568 746 εὐνούχων
591 653 731 745 ἐτιμήθη
756 653 898 744 μάλιστα
923 651 1012 745 ιταρά
1036 657 1151 744 Ξέρξῃ.
1183 648 1239 734 Ὡς
1267 653 1304 722 δὲ
1329 650 1368 723 τὰ
1469 636 1470 699 I

225 757 412 848 στράτευμα
429 755 466 829 τὸ
483 754 653 846 Περσικὸν
671 754 764 849 ὥρμα
781 751 799 826 ὁ
817 753 975 844 βασιλεὺς
993 758 1047 825 ἐπὶ
1065 752 1122 836 τίς
1137 752 1281 843 Ἀθήνας
1301 752 1367 826 tan

227 865 263 932 έν
280 859 435 950 Σάρδισι,
455 862 603 931 ἐνθαῦτα
621 856 765 946 καταβὰς
783 855 864 928 κατὰ
884 855 926 947 δή
943 887 974 927 τι
992 864 1126 948 πρῆγμα
1143 851 1367 946 ὁἘρμότιμος

227 967 258 1043 ἐς
275 965 340 1052 γῆν
356 958 418 1051 τὴν
436 969 592 1050 Μυσίην,
610 958 672 1049 τὴν
689 968 765 1031 Χίοι
782 961 844 1050 μὲν
861 963 1032 1050 νέμονται,
1061 956 1236 1049 Ἀταρνεύς
1254 959 1291 1027 δέ
1308 986 1368 1027 κα·

196 1139 199 1144 ,
226 1068 351 1153 λίεται,
379 1059 525 1155 εὑρίσκει
547 1059 606 1133 τὸν
629 1060 822 1133 Πανιώνιον
840 1064 997 1132 ἐνθαῦτα.
1026 1058 1182 1149 έιτιγνοῦς
1210 1060 1246 1130 δέ
1273 1066 1369 1148 ἔλεγε

227 1164 309 1255 ιτρός
327 1162 431 1236 αὐτὸν
448 1162 591 1246 πολλοὺς
609 1168 664 1235 καὶ
683 1172 815 1254 φιλίους
833 1161 969 1252 λόγους,
992 1170 1107 1255 πρῶτα
1129 1162 1191 1251 μέν
1213 1166 1249 1231 οί
1268 1189 1368 1233 κατα-

227 1270 351 1356 λέγων,
375 1264 437 1337 ὅσα
454 1262 555 1348 αὐτὸς
575 1262 621 1335 δι’
642 1269 770 1337 ἐκεῖνον
789 1273 855 1355 ἔχοι
873 1261 1002 1354 ἀγαθὰ,
1027 1263 1168 1355 δεύτερα
1187 1266 1228 1333 δέ
1241 1268 1276 1332 oi
1290 1257 1369 1332 ὑπι·

227 1366 426 1459 σχνεύμενος
443 1364 518 1439 ἀντὶ
535 1365 680 1456 τούτων,
706 1364 768 1438 ὅσα
785 1397 843 1457 μιν
860 1363 973 1456 ἀγαθὰ
989 1364 1137 1455 ποιήσει,
1163 1360 1206 1455 ἢν
1229 1371 1370 1455 κομίσας

227 1467 305 1551 τούς
322 1473 450 1551 οἰκέτας
472 1473 564 1560 οίκέῃ
590 1473 718 1559 ἐκείνῃ,
743 1465 827 1539 ὥστε
849 1464 1099 1559 ὑποδεξάμενον
1120 1465 1266 1557 ἄσμενον
1288 1464 1371 1549 τούς

227 1635 314 1686 rodet.
332 1650 395 1699 pag.
409 1633 443 1685 26
459 1639 487 1684 et
505 1636 615 1701 Runge:
634 1635 771 1685 Herodots
823 1650 875 1700 quo
889 1638 953 1684 ante
965 1634 1053 1685 rerba
1067 1622 1210 1697 Ἀταρνεὺς
1226 1626 1258 1683 δὲ
1269 1628 1370 1683 καλέε-

227 1702 649 1768 Verhultnusavolksglauben
658 1719 722 1769 pag.
732 1703 771 1753 14.
821 1719 869 1753 ται
886 1717 1035 1767 pronomen
1051 1702 1199 1763 omittitur,
1225 1699 1279 1750 vid.
1296 1705 1370 1750 nott.

261 1760 428 1822 ἐπικνέεται
440 1761 470 1822 ta
480 1769 536 1820 τῶν
546 1767 682 1833 Σαρδίων
691 1765 770 1834 παρὰ
824 1770 859 1821 ad
871 1771 898 1832 Ι,
917 1771 949 1819 47
968 1769 1013 1819 tin.
1049 1770 1091 1819 De
1110 1770 1170 1835 ipso
1186 1784 1274 1833 eornpo
1287 1768 1372 1817 Atar-

228 1833 357 1904 βασιλέα]
379 1841 540 1904 Asatrspa‚
560 1840 605 1903 qui
623 1839 695 1889 iuter
714 1838 772 1889 alia
823 1840 896 1889 aenei
911 1837 985 1889 conf.
1003 1842 1070 1887 nott.
1090 1836 1167 1897 adl,
1184 1834 1240 1885 lou.
1258 1834 1370 1895 V1,28.

228 1922 342 1957 munera
359 1906 498 1957 eunuchos
520 1921 625 1971 quoque
643 1907 771 1971 probabi·
824 1905 903 1968 Quod
936 1905 1060 1970 sequitur
1094 1896 1240 1969 ἐπιγνοὺς,
1275 1903 1371 1953 valet:

228 1974 294 2024 liter
305 1975 365 2039 regi
378 1975 452 2024 mIsit
464 1973 684 2039 gratiliesturus‚
702 1974 771 2024 Her·
822 1975 887 2024 λιιιιο
898 1974 940 2023 ubi
951 1976 1065 2038 norwit:
1077 1972 1133 2023 vid.
1145 1972 1256 2022 Homer.
1267 1970 1371 2034 Odyas.

229 2042 368 2091 metimum
392 2040 427 2090 ad
450 2057 543 2105 regem
567 2056 628 2091 esse
650 2042 772 2104 missum,
824 2041 927 2102 XXIV,
952 2040 1011 2090 217.
1039 2038 1167 2105 Sophocl.
1190 2038 1282 2104 Antig.
1306 2037 1370 2088 960.

229 2124 295 2159 vero
312 2108 343 2157 fit
359 2107 535 2158 simillimum.
575 2108 618 2158 De
635 2109 772 2159 eunucho·
823 2110 927 2160 Electr.
953 2107 1027 2157 1297.
1072 2108 1105 2157 Ιιι
1129 2123 1204 2173 seqq.
1229 2122 1282 2156 non
1307 2107 1372 2155 siue

229 2191 288 2226 rum
301 2176 466 2225 auctoritato
484 2174 557 2240 apud
568 2175 712 2226 Persarum
731 2192 772 2227 re·

230 2258 279 2307 ges
291 2242 407 2293 diximus
420 2243 455 2292 ad
468 2243 546 2304 VIII,
563 2242 619 2293 104.
653 2244 694 2294 Ac
706 2244 772 2294 tide·

189 2308 194 2321 ⁶
229 2310 349 2361 lissimos
364 2311 433 2361 istos
445 2326 505 2361 esse
524 2327 538 2360 e
552 2310 709 2375 cherdicii,
730 2328 772 2363 re-

231 2378 362 2429 centioris
373 2378 602 2444 peregrinatoris.
619 2380 716 2430 diariis
729 2381 772 2430 af·

152 2477 154 2480 <
227 2446 318 2496 firmat
330 2447 498 2497 Larcherus:
521 2462 610 2511 neque
629 2447 711 2497 aliter
723 2464 772 2498 an·

227 2515 342 2579 tiquitus
360 2514 505 2565 fidissimos
524 2530 585 2565 esse
602 2514 711 2565 habitos
724 2531 769 2566 eu·

227 2582 345 2643 anchus,
368 2587 486 2648 apparet
503 2597 609 2648 quoque
627 2599 660 2632 ex
677 2585 712 2634 iis
730 2589 770 2633 te·

227 2651 375 2711 estimoniis,
395 2666 465 2715 quae
479 2651 607 2715 apposuit
617 2650 771 2707 Beckerin

228 2717 348 2848 ΟΙιορίυΙ.
366 2719 403 2768 11.
420 2734 484 2783 pag.
502 2717 532 2767 41
552 2718 612 2781 (ΙΙΙ.
630 2735 656 2784 p.
675 2718 708 2767 27
726 2719 769 2768 ed.

227 2801 284 2845 sec.
299 2822 306 2835 .

421 2952 487 3002 Car.
505 2952 576 3004 CVI.

261 3042 341 3117 ὥρμα
358 3044 373 3104 ὁ
392 3046 536 3118 βασιλεὺς]
558 3045 574 3105 ὁ
591 3056 769 3106 inseruitum

227 3121 383 3186 Schweigh.
396 3126 425 3171 et
437 3121 534 3181 Gaios„
549 3138 609 3172 cum
622 3122 705 3187 vulgo
721 3124 769 3174 ab·

227 3190 273 3239 sit.
309 3189 437 3239 Recentt.
456 3189 516 3239 edd.
530 3190 593 3240 iude
612 3207 629 3240 a
641 3190 769 3242 Bekkero

227 3257 316 3307 denuo
330 3257 499 3309 abIecerunt.
534 3258 588 3308 Pro
602 3247 685 3324 ὅρμα,
700 3260 771 3324 quod

227 3325 504 3391 Schweighaeuscrus
523 3330 552 3375 et
566 3326 706 3377 Gaisford.
724 3326 770 3378 de-

227 3392 338 3455 derant,
356 3395 487 3445 revocavi
504 3409 565 3443 eum
578 3400 693 3445 recentt.
708 3394 769 3446 edd.

226 3451 327 3527 ὅρμα,
346 3462 416 3527 quod
428 3461 629 3527 Wesselingius
640 3469 716 3513 recte
729 3468 769 3512 te·

227 3529 300 3590 nuit3
319 3530 374 3579 vid.
387 3529 502 3579 Bredov.
516 3546 580 3596 pag.
592 3528 650 3581 308.
679 3530 720 3580 Ad
734 3532 770 3581 si·

227 3596 432 3676 gnificatIouem
456 3602 485 3646 et
506 3602 671 3648 structuram
691 3598 770 3649 verbi

227 3661 322 3729 ορμιῖν
345 3664 417 3713 cont.
436 3665 462 3726 Ι,
486 3662 519 3714 76
539 3665 633 3730 ibique
650 3671 719 3716 nott.
737 3691 771 3702 —

227 3723 355 3796 καταβὰς
364 3731 467 3781 dicitur
475 3732 667 3793 Hermotimus,
681 3735 771 3799 quiex

227 3799 367 3849 interioris
390 3798 474 3850 Asiae
503 3801 651 3863 tractibus,
683 3801 770 3866 Susis,

228 3882 298 3932 quae
311 3867 390 3931 regia
401 3872 463 3917 erat
474 3866 563 3930 sedes,
577 3868 612 3917 ad
624 3870 708 3919 Asiae
721 3870 771 3919 mi-

227 3934 302 3985 noris
319 3949 396 3984 orara
412 3935 441 3983 iu
457 3936 594 3998 Mysorum
610 3940 712 3987 terram
724 3937 770 3987 de·

227 4002 389 4065 aoenderat,
412 4002 518 4068 negotii
542 4004 683 4054 cuiusdam
707 4021 771 4069 per·

228 4069 329 4150 agendi
342 4084 438 4121 caiisa:
448 4061 530 4151 'aurci
548 4062 589 4135 δή
603 4086 630 4120 τι
642 4069 768 4138 πρῆγμα,

227 4137 367 4270 ledaldldssdldjfl
375 4138 769 4259 :iiiiiildm‘titdlidldddidneddirttrlo

227 4273 351 4390 guaitam
368 4272 423 4323 vid.
440 4272 574 4389 Βυιροαει
592 4273 720 4340 Prologg.
739 4276 781 4324 iu·

253 4340 379 4405 huoydid.
400 4340 498 4407 pass
519 4340 540 4390 Ι.
586 4341 628 4391 De
653 4357 685 4392 so
708 4356 768 4405 usu,

824 2192 911 2228 causa
923 2178 951 2226 in
964 2176 1050 2226 modis
1068 2177 1110 2225 ita
1120 2176 1245 2226 vastasse
1257 2174 1374 2224 videtur
1473 2192 1474 2195 ¹

823 2246 924 2295 Noster
934 2244 1058 2294 scribens
1074 2235 1250 2307 καταλέγων,
1269 2233 1322 2291 ὅσα
1334 2266 1373 2278 -

825 2307 898 2378 izos
911 2317 939 2363 et
947 2303 1181 2377 ὑπισχνεύμενος,
1191 2301 1373 2374 ὅσα-ποιτῇ·

824 2394 885 2431 σει.
925 2378 987 2429 Vid.
1011 2383 1078 2429 nott.
1104 2378 1139 2428 ad
1161 2378 1199 2440 V,
1225 2376 1256 2428 13
1277 2381 1307 2426 et
1329 2378 1370 2427 cf.

821 2448 1035 2581 IXIvMiouoas
1058 2507 1125 2573 τούς
1149 2506 1262 2571 etnicos
1285 2506 1372 2578 οἰκέῃ

823 2574 930 2649 ἐκείνῃ]
953 2581 1122 2647 Schweigh.‚
1146 2596 1225 2646 quem
1242 2581 1371 2645 sequitur
1474 2566 1475 2589 ³

823 2650 923 2712 (iniat,
937 2650 1066 2700 eduobus
1075 2649 1153 2700 codd.
1165 2649 1241 2699 dedit
1250 2641 1370 2713 ιιομισά·

822 2733 921 2784 μενος,
940 2718 1011 2783 quod
1028 2718 1091 2767 med
1103 2717 1211 2782 quidem
1225 2718 1369 2766 sententie

823 2803 838 2836 e
862 2790 1021 2836 correctura
1048 2785 1133 2834 fluxit.
1176 2786 1275 2849 Itaque
1305 2799 1369 2834 cum

822 2854 935 2911 Mauo„
952 2852 1080 2903 Bekkero
1094 2860 1122 2903 et
1133 2868 1205 2903 rece.
1220 2851 1281 2901 edd.
1300 2854 1369 2903 reti·

821 2922 869 2972 nui
881 2921 1024 2986 vulgatam
1034 2918 1162 2985 κομίσας,
1176 2935 1255 2985 quam
1268 2920 1368 2985 scripti

822 2994 933 3040 tuentur
950 2988 1014 3039 libri
1032 2990 1153 3053 itemque
1169 2988 1291 3038 Thomas
1307 2988 1367 3037 Ma-

822 3059 908 3122 gIstor
920 3072 984 3123 pag.
997 3055 1056 3106 644.
1092 3056 1132 3106 Ao
1150 3055 1232 3121 paulo
1249 3060 1314 3121 post
1326 3056 1368 3104 iu-

821 3126 929 3176 venitur
949 3123 1075 3188 κομίοαι.
1116 3123 1262 3174 Sententia
1277 3123 1367 3174 Hero·

821 3194 880 3243 doti
893 3198 947 3243 est:
970 3193 994 3242 si
1010 3193 1121 3242 adductd
1137 3191 1184 3241 aud
1198 3190 1298 3255 smaidti
1315 3194 1368 3241 oue

822 3259 976 3325 (Sardibus)
988 3260 1104 3310 habiture
1114 3262 1196 3309 veltet.
1230 3258 1273 3308 Ad
1291 3252 1366 3308 οίιιέ·

822 3344 872 3386 τας
885 3328 956 3379 conf.
967 3327 1062 3378 Thom.
1072 3325 1247 3393 Magistrld.
1258 3330 1287 3376 et
1297 3331 1367 3377 nott

822 3396 858 3446 ad
870 3395 973 3446 Herod.
982 3396 1058 3458 VIII,
1069 3397 1134 3445 4.-
1147 3384 1243 3461 halan
1255 3398 1368 3460 spectat

822 3462 976 3514 odSardes.
1102 3518 1116 3540 u

855 3521 1073 3596 ὑποδεξάμενον
1095 3526 1230 3595 αομενον]
1261 3530 1366 3580 Eodem

822 3599 902 3650 modo
921 3599 1042 3664 quuitur
1062 3598 1193 3648 Aelianus
1216 3597 1249 3646 N.
1267 3598 1300 3648 A.
1319 3598 1367 3656 vt,

822 3666 868 3723 50.
886 3667 933 3716 ubi
945 3666 1095 3716 Herodotei
1112 3665 1167 3715 loci
1183 3680 1238 3715 nou
1251 3665 1306 3714 fuit
1318 3667 1366 3715 im·

822 3751 924 3785 memor
935 3734 1119 3784 Iacobo-In
1131 3748 1207 3797 seqq.
1214 3727 1366 3798 περιέλαβε

822 3802 910 3852 vaiet:
929 3807 955 3851 tn
965 3806 1094 3867 potestate
1111 3800 1208 3857 habuit,
1228 3806 1259 3849 ut
1269 3800 1308 3860 V,
1320 3801 1364 3850 23.

821 3870 902 3927 VIII,
919 3867 944 3920 6.
956 3895 989 3906 —
1006 3870 1059 3919 Pro
1076 3858 1133 3933 ἤδη
1151 3861 1274 3933 μάλιστα
1284 3868 1366 3917 Wes-

821 3938 940 4001 selingio
963 3937 1052 4000 magis
1078 3935 1204 4012 placeret
1227 3928 1280 4001 σῆς
1310 3935 1366 3986 Ab·

821 4004 945 4055 reschius
963 4003 1090 4055 voculam
1106 4001 1164 4069 ηέη
1177 4017 1210 4053 eo
1222 4018 1306 4054 sensu
1319 4019 1365 4053 sc-

822 4073 877 4138 eipi
895 4072 966 4131 vult,
986 4086 1038 4136 quo
1052 4071 1123 4122 alias
1134 4064 1217 4136 μέχρι
1230 4068 1297 4129 νῦν,
1317 4072 1366 4121 λιιι

820 4155 910 4206 usque,
929 4138 1011 4204 plane
1030 4155 1064 4189 ac
1080 4140 1105 4188 si
1120 4138 1235 4188 dirisset
1246 4130 1366 4187 πάντων

819 4197 934 4270 ἀνδρῶν
950 4200 980 4256 οἳ
997 4198 1055 4273 ἤδη
1072 4199 1219 4271 γεγόνασι,
1241 4210 1272 4255 ut
1289 4204 1365 4270 apud

819 4274 939 4325 Pausan.
952 4274 1018 4333 vn,
1030 4274 1074 4324 22.
1091 4275 1115 4334 5.
1128 4274 1158 4323 4:
1182 4271 1251 4337 quod
1269 4276 1365 4323 tamen

820 4357 856 4392 au
873 4343 949 4394 facto
965 4356 1033 4407 opus
1050 4342 1147 4405 fuerit,
1169 4339 1265 4391 merito
1283 4339 1365 4391 dubi·
