2900 5122
1188 353 1251 413 279

441 346 707 407 CALLIOPE.
732 349 789 406 IX.
812 357 855 410 36.
877 355 921 410 37.

119 520 248 610 χθέντος
265 548 330 600 ποις
348 524 502 615 σιδηρίου
521 514 693 606 ἐκράτησε·
718 514 838 588 αύτίιια
863 518 900 586 δὲ
918 514 1101 608 ἐμηχανᾶτο
1118 516 1250 608 ἀνδρει-

31 698 33 719 .
118 620 228 692 ότατον
246 628 343 710 ἔργον
367 617 503 690 πόντων
526 623 593 689 reio
616 614 710 708 ἡμεῖς
735 625 841 709 ἴδμεν.
878 619 1153 710 σταθμησάμενος
1174 619 1249 711 γὰρ,

30 742 32 821 4
117 721 194 804 όιιος
211 720 421 806 ἐξελεύσεταί
434 725 469 790 ol
482 717 519 791 τό
538 718 654 791 λοιπόν
670 724 732 791 τού
748 719 866 809 ποδός,
881 714 1035 811 ’ἀπέταμε
1052 719 1110 792 τόν
1128 720 1250 812 ταρσόν

30 834 31 839 ’
118 827 246 894 ἑαυτοῦ.
271 827 377 894 ταῦτα
397 822 434 892 δέ
451 820 603 912 ποιήσας,
621 818 706 892 ὥστε
723 820 974 912 φυλασσόμενος
991 818 1057 893 ύπό
1075 822 1248 913 φυλάκων,

117 924 261 1014 διορύξας
277 922 337 996 τόν
354 940 465 1013 τοίχου
482 919 610 1013 ἀπέδρη
629 927 661 1005 ές
684 926 820 1012 Τεγέην,
839 920 897 1004 τὰς
914 925 976 1013 μὲν
992 923 1116 1007 νύκτας
1128 952 1248 1014 πορευ

115 1025 238 1116 όμενος,
268 1023 326 1107 τὰς
350 1027 387 1094 δὲ
410 1020 533 1114 ἡμέρας
556 1023 754 1095 καταδύνων
780 1029 812 1105 ές
834 1021 920 1113 ύληυ
945 1028 999 1095 παλ
1024 1022 1247 1115 αὐλιζόμενος,

115 1125 193 1198 οὕτω
206 1124 305 1215 ὥστε,
318 1132 594 1216 Λακεδαιμονίων
605 1129 771 1216 πανδημεὶ
784 1130 977 1216 διζημένων,
991 1135 1085 1217 τρίτη
1099 1124 1248 1219 εὐφρόνη

115 1232 263 1318 γενέσθαι
283 1232 319 1299 ἐν
342 1230 454 1317 Τεγέη·
474 1224 551 1308 τούς
569 1228 606 1297 δὲ
625 1231 661 1297 έν
677 1226 832 1317 θαύματι
849 1226 981 1322 μεγάλῳ
1001 1232 1173 1318 ἐνέχεσθαι
1190 1233 1248 1318 τῆς

115 1358 144 1400 τε
159 1329 279 1421 τόλμης
296 1325 451 1419 ὁρέοντας
468 1325 504 1398 τό
522 1324 682 1418 ἡμίτομον
699 1333 761 1399 τού
776 1326 879 1410 ποδός
896 1337 1067 1420 κείμενον,
1093 1327 1248 1401 κάκεῖνον

113 1428 149 1501 ού
172 1434 380 1521 δυναμένους
406 1425 527 1520 εύρεῖν.
567 1430 645 1501 Τότε
663 1432 725 1520 μὲν
742 1426 829 1501 ούτω
849 1429 1025 1520 διαφυγόν
1043 1438 1247 1522 Λακεδαιμο·

113 1542 196 1614 νέους
213 1531 421 1621 καταφεύγει
440 1535 472 1612 ές
495 1535 635 1621 Τεγέην,
662 1536 784 1602 έοῦσαν
801 1529 864 1602 ούιι
881 1529 1031 1624 ύρθμίην
1042 1539 1247 1623 Ααιιεδαιμο·

112 1642 202 1704 νίοισι
226 1638 348 1705 τούτου
371 1630 430 1703 τόν
452 1631 581 1724 χρόνον.
619 1628 714 1722 ὑγιὴς
734 1635 771 1703 δὲ
788 1632 967 1723 γενόμενος
991 1637 1046 1704 καὶ
1067 1656 1246 1724 προσποιη-

111 1735 243 1825 σάμενος
255 1734 392 1818 ξύλινον
409 1731 496 1805 πόδα
513 1732 708 1824 κατεστήκεε
727 1739 763 1804 έιι
779 1736 837 1823 τῆς
850 1738 944 1823 ἰθέης
956 1741 1247 1825 Λακεδαιμονίοισι

110 1839 266 1927 πολέμιος.
303 1832 344 1907 ού
367 1838 479 1926 μέντοι
503 1843 535 1917 ἔς
559 1864 597 1923 γε
619 1840 710 1917 τέλος
733 1842 769 1906 οί
789 1834 966 1926 συνήνεικε
988 1834 1024 1907 τό
1044 1844 1141 1927 ἔχθος
1159 1835 1195 1908 τό
1215 1841 1246 1920 ἐς

135 1993 347 2068 ἐσενειχθέντος
357 2017 412 2059 κως
422 1999 554 2066 σιδηρίου
565 1991 647 2065 tuso·
697 2003 822 2066 fruticeto
836 2017 865 2052 re
883 2002 1074 2056 αλιιιοιιιίιιιι.“
1110 2002 1171 2053 vid.
1189 2003 1245 2052 He·

108 2067 178 2135 τησε]
203 2071 220 2120 'u
240 2086 267 2120 e.
290 2076 380 2119 παειιιι
401 2076 440 2119 est
461 2072 648 2119 instrronentum
700 2070 756 2121 rod.
779 2067 884 2129 1v‚7ss
906 2070 999 2135 ibique
1022 2075 1090 2120 nott.
1112 2070 1244 2121 Theseus.

106 2139 311 2203 [mevanatique
328 2138 401 2187 modo
415 2137 576 2200 compedibus
592 2141 648 2187 illo-
699 2138 780 2202 Ling.
800 2138 900 2188 Graee.
919 2138 965 2188 IV.
990 2155 1015 2203 p.
1036 2136 1101 2187 1066
1118 2137 1160 2189 ed.
1177 2140 1245 2187 Din-

108 2211 249 2270 nmeoque
268 2206 329 2269 ipso
341 2204 405 2254 dein
420 2204 648 2270 ususestedpe·
700 2205 769 2255 dori.
805 2205 849 2254 Do
871 2205 955 2256 verbo
977 2197 1148 2266 αὐλίζεσθαι
1171 2207 1244 2256 oens.

108 2272 163 2321 dem
175 2273 382 2338 amputandum.
401 2273 524 2337 Namque
536 2286 587 2338 pes
600 2273 648 2321 ad·

108 2341 213 2391 strictus
226 2346 289 2390 erat
301 2339 378 2405 ligno
391 2334 578 2406 σιδηροδέτῳ,
590 2340 608 2389 i.
623 2356 646 2390 e.

108 2406 173 2472 quod
196 2409 270 2458 ferro
292 2408 445 2457 revinctum
468 2412 541 2469 eret;
566 2407 648 2472 idque

108 2476 189 2540 ipsum
207 2476 312 2525 terrum
331 2490 353 2525 s.
373 2475 567 2525 ferramentum
586 2475 648 2533 (hoo

108 2543 174 2592 euim
187 2549 230 2593 est
240 2537 382 2608 σιδήριον,
397 2549 427 2592 ut
436 2544 530 2593 notavi
541 2543 576 2592 ad
587 2543 647 2604 vll,

109 2608 146 2673 λδ)
157 2611 219 2661 inde
234 2611 368 2673 extraxit,
383 2625 435 2675 quo
448 2611 546 2676 pedem
559 2610 649 2677 impli-

108 2684 193 2728 catum
211 2686 241 2729 et
260 2679 391 2728 innexum
413 2678 597 2728 abscinderet.
615 2704 648 2713 —

107 2745 135 2795 In
159 2761 235 2812 seqq.
265 2746 380 2796 verbum
409 2739 648 2809 σταθμησάμενος

106 2811 165 2864 hine
178 2814 285 2864 excitat
298 2812 397 2863 Suidas
411 2829 432 2863 s.
445 2829 472 2861 v.
486 2814 538 2863 III.
552 2829 577 2878 p.
588 2811 648 2864 368.

107 2879 381 2947 Schweighaeuserus
399 2881 427 2930 iu
439 2882 533 2930 Lexie.
547 2880 649 2931 Herod.

106 2947 138 2996 IL
154 2964 179 3013 p.
195 2947 248 2998 278
264 2950 477 3014 interpretatur:
497 2954 649 3013 ‚‚poetquarn

106 3016 255 3067 σιἰιιειιτίοπι
267 3017 388 3066 iudicauit
401 3015 619 3082 uestimuodque.“

135 3074 265 3149 eliciturus
278 3076 331 3133 τόν
342 3076 461 3148 ταρσὸν]
473 3084 591 3133 Plantam
602 3100 648 3147 με·

106 3151 142 3199 du
153 3152 373 3217 interpretantur
389 3168 409 3201 s.
424 3152 589 3202 anteriorem
602 3167 648 3217 pe·

106 3217 143 3269 dis
155 3226 274 3283 partem,
288 3234 343 3284 qua
353 3224 432 3285 perte
443 3235 491 3285 pes
500 3219 585 3269 latior
597 3223 647 3269 est.

107 3285 180 3337 θοαί.
203 3302 290 3352 supra
310 3286 389 3347 VIII,
410 3287 441 3336 12
463 3287 556 3351 ibique
577 3292 647 3337 nott.

106 3352 198 3404 Pollux
209 3356 250 3417 11,
264 3355 289 3403 4.
302 3356 326 3416 ξ.
342 3354 400 3404 llll:
421 3352 483 3433 (τοῦ
499 3346 599 3417 ποδός)
616 3347 647 3404 τό

106 3413 268 3485 ίμτιροσθεν
293 3415 364 3487 μετὰ
388 3436 455 3480 τους
479 3417 647 3484 δακτύλους,

106 3484 210 3551 ταρσός.
245 3491 282 3540 ·Ιιι
303 3491 385 3541 buius
405 3488 512 3555 ταρσσύ
530 3490 648 3540 abscissi

105 3555 190 3607 locum
211 3574 274 3608 mox
294 3557 341 3607 ille
364 3557 540 3607 substituisse
561 3559 649 3607 fertur

105 3618 217 3684 ξύλινον
230 3620 323 3688 πόδα,
336 3625 431 3689 itaque
441 3619 545 3688 ταρσόν
554 3625 648 3675 latiori

105 3705 182 3742 seusu
196 3694 328 3758 aeoIpere
341 3693 433 3743 malim
446 3693 480 3742 de
493 3694 565 3743 omni
578 3693 648 3758 pede

105 3764 149 3810 aut
171 3765 249 3811 certe
273 3758 308 3810 de
329 3761 455 3811 inferiori
478 3760 537 3811 eius
558 3765 646 3827 parte.

109 3825 212 3892 Τιριστιι
231 3832 323 3878 autem
342 3829 551 3909 Hegesistrutus
569 3829 646 3879 aulu-

106 3895 156 3958 git,
174 3911 228 3961 quo
247 3895 343 3947 eodem
361 3900 445 3947 etism
461 3896 648 3959 Leotychidee

105 3960 259 4013 inexilium
278 3964 399 4026 abierat,
418 3968 491 4013 teste
507 3963 647 4013 Herodoto

105 4028 149 4089 Vl,
161 4029 210 4080 er:
224 4032 324 4096 quippe
337 4031 478 4096 Tegeatae
490 4031 647 4081 Laconibus

105 4095 269 4161 aliquamdiu
280 4099 382 4149 infensi
396 4105 478 4163 atque
489 4099 604 4161 inimici,
618 4103 648 4148 ut

105 4167 196 4216 monui
209 4166 282 4228 adl,
296 4165 338 4216 (lb.
357 4167 408 4223 lx,
421 4164 455 4215 λδ
467 4165 511 4215 lin.
525 4166 567 4217 35.
598 4181 646 4215 ιια-

105 4226 235 4284 ταδύνων
245 4234 316 4284 bene
326 4235 415 4284 reddit
423 4233 645 4299 Schweighaeus.

699 2277 767 2322 nott.
782 2273 816 2322 ud
830 2273 910 2334 VIII,
923 2272 953 2333 83
973 2273 1007 2323 de
1020 2288 1089 2325 voce
1102 2264 1246 2339 εύφρόνης

699 2341 755 2390 vid.
768 2345 838 2390 nott.
853 2341 888 2389 ad
901 2341 960 2401 VII,
978 2341 1017 2390 12.

735 2400 767 2458 ἐν
790 2399 922 2472 θαύματι
941 2436 972 2444 -
990 2400 1154 2473 ἐνέχεσθαι]
1190 2408 1246 2459 Ηίσ

701 2490 807 2540 quoque
831 2476 941 2539 reposui
963 2466 1095 2539 θαύματι
1116 2491 1164 2540 pro
1187 2470 1246 2525 θοί-

700 2558 776 2607 ματι.
813 2544 903 2606 Ιμσσισ
926 2541 1093 2592 looutionem
1115 2543 1165 2593 atti
1187 2544 1193 2555 ’
1216 2544 1246 2592 in

700 2615 769 2660 nott.
783 2610 819 2659 ad
831 2610 907 2672 VIII,
920 2609 962 2659 ⁶25.
979 2608 1034 2661 135.
1063 2611 1156 2660 Poste
1175 2610 1246 2675 λμης

700 2678 796 2728 sustuli
810 2679 1026 2738 diminutionem,
1041 2693 1093 2744 quo
1106 2678 1244 2743 intellige·

700 2751 774 2796 retur
786 2744 912 2796 voculam
925 2759 955 2796 τε
968 2750 1033 2795 ante
1044 2738 1149 2810 τόλμης
1161 2747 1244 2811 perti·
1325 2772 1329 2782 ·

701 2828 766 2863 nere
780 2813 815 2863 ed
827 2806 972 2875 ὀρέοντας,
987 2828 1101 2878 quocum
1116 2814 1245 2864 convenit

699 2871 837 2931 παίιεῖνον
854 2880 884 2943 (i.
898 2896 921 2930 e.
935 2876 985 2930 ιιαλ
1003 2872 1125 2939 ἐκεῖνον)
1143 2873 1179 2931 ού
1196 2879 1244 2931 δυ-

701 2942 890 3013 ναμένονς.-
898 2948 1031 2998 Voculam
1042 2937 1183 3013 α’ρθμίην,
1198 2949 1245 2999 ob·

699 3018 773 3067 viam
785 3030 893 3081 quoque
905 3031 987 3082 snpra
999 3016 1046 3077 IX,
1058 3015 1088 3079 θ,
1103 3016 1245 3081 attigimus

700 3085 729 3134 in
750 3090 818 3134 nott.
840 3083 875 3133 ad
892 3084 943 3142 VI,
962 3082 1004 3135 83.
1040 3085 1083 3134 De
1100 3085 1242 3149 Tegeatis,

700 3152 778 3202 modo
795 3152 898 3203 iuuetis
916 3167 976 3201 oum
989 3151 1147 3216 Spartanis,
1166 3152 1244 3202 modo

699 3221 859 3281 disiunctis,
879 3220 952 3269 conl.
965 3224 1034 3269 nott.
1047 3219 1083 3268 ad
1097 3219 1145 3281 lx,
1157 3218 1198 3271 λδ.
1210 3244 1244 3255 -

699 3289 730 3337 In
747 3302 823 3352 seqq.
841 3278 1108 3351 προσποιησάμενος
1125 3291 1178 3336 est:
1195 3287 1246 3336 sibi

698 3358 804 3418 liquorem
825 3356 916 3418 pedem
939 3355 1058 3410 edocuit,
1078 3355 1140 3415 fieri
1161 3356 1242 3414 iussit,

699 3424 746 3472 ubi
763 3422 847 3471 medii
864 3420 941 3471 verbi
965 3421 1058 3469 elucet
1074 3421 1127 3469 vis.
1162 3420 1242 3470 Oonf.

699 3491 750 3552 VI,
768 3487 802 3539 66
824 3490 917 3553 ibique
935 3492 1004 3539 nott.
1028 3493 1056 3537 et
1073 3489 1243 3552 potissimum

699 3555 841 3675 ququrch.
858 3556 894 3605 11.
916 3570 979 3621 pag.
997 3554 1048 3604 479
1057 3555 1089 3605 B.
1118 3555 1242 3619 Tlrueyd.

699 3626 725 3687 1,
774 3625 798 3674 λ.

733 3682 912 3755 κατεστήκεε]
930 3692 949 3743 i.
963 3706 988 3740 e.
998 3692 1084 3753 fuctus
1096 3697 1147 3751 est,
1162 3693 1243 3741 eusti-

699 3762 739 3820 tit,
751 3765 782 3809 ut
793 3760 812 3818 1,
826 3758 867 3809 31.
880 3757 922 3808 92.
935 3759 982 3815 IX.
995 3757 1036 3807 70.
1052 3749 1083 3808 έιι
1095 3756 1145 3822 τῆς
1158 3752 1244 3822 ἰθέης

699 3828 776 3878 valet
794 3830 892 3891 paloor.
916 3832 1020 3891 operte,
1046 3830 1077 3874 ut
1097 3826 1188 3876 monui
1208 3826 1243 3875 ad

699 3896 755 3953 ΙΙΙ,
776 3894 831 3945 127.
850 3895 912 3944 add.
932 3894 1010 3955 VIII,
1028 3892 1045 3943 6
1063 3893 1156 3958 ibique
1172 3897 1242 3943 nott.

698 3991 730 3999 -
748 3963 814 4013 Mox
830 3952 865 4012 ού
881 3955 978 4028 μέντοι
996 3975 1027 4026 γε
1041 3951 1069 4019 ές
1081 3954 1160 4018 τέλος
1178 3976 1192 4009 e
1210 3961 1241 4009 li-

698 4030 755 4081 bris
768 4030 929 4095 quibusdam
946 4029 1059 4080 allatum
1072 4043 1126 4079 non
1139 4043 1242 4077 assum·

697 4098 932 4230 stitutus
945 4087 1243 4229 *sustulit

698 4232 793 4284 kerum
805 4203 951 4284 retinuissb
963 4233 1054 4282 video.
1079 4231 1159 4281 Cous.
1172 4234 1240 4282 nott.

106 4299 133 4348 ia
148 4301 244 4352 Lexic.
261 4302 364 4356 Herod.
381 4303 418 4354 11.
441 4318 474 4367 p.
488 4301 531 4351 14:
556 4303 648 4364 „inter
699 4302 733 4352 ad
746 4301 782 4365 11,
795 4300 828 4351 63
841 4306 870 4352 et
881 4301 957 4364 VIII,
969 4299 1012 4350 94.
