2900 5122
422 389 686 452 CALLIOPE.
709 392 768 451 IX.
791 399 834 456 71.
858 400 902 457 72.
1171 399 1232 461 325

106 564 195 650 με’νης
210 564 325 652 λέσχης
341 558 377 643 ὃς
395 564 524 650 γίνοιτο
542 558 655 633 αὐτῶν
667 559 816 651 ἀριστος,
836 570 988 651 ἔγνωσαν
1007 569 1042 634 oi
1051 565 1234 656 παραμενό-

105 690 188 751 μενοι
211 666 465 754 Σπαρτιητέων,
492 659 730 753 Ἀριστόδημον
758 664 821 754 μὲν
846 664 1052 754 βουλόμενον
1080 671 1234 758 φανερῶς

105 760 279 835 ἀποθανεῖν
297 769 333 835 έκ
350 769 407 854 τῆς
425 764 612 854 παρεούσης
630 770 666 836 οί
680 772 805 854 αίτίης,
830 766 1005 838 λυσσῶντά
1022 795 1057 837 τε
1074 771 1130 838 καὶ
1150 773 1232 839 έκλι·

105 863 199 934 πάντα
214 863 276 954 τήν
298 866 391 949 τάξιν
415 873 495 955 ἔργα
516 862 744 950 ἀποδέξασθαι
766 865 906 957 μεγάλα·
941 867 1171 941 Ποσειδώνιον
1194 872 1232 941 δὲ

65 963 144 1035 ναοί
158 965 361 1057 βουλόμενον
372 964 611 1057 ἀποθνήσκειν,
629 965 738 1060 ἄνδρα
755 971 913 1056 γενέσθαι
927 966 1066 1058 ἀγαθόν’
1085 970 1232 1065 τοσούτω

103 1070 210 1138 τοῦτον
228 1068 314 1141 εἶναι
332 1065 467 1158 ἀμείνω.
503 1065 587 1138 ἀλλά
609 1070 714 1139 ταῦτα
736 1071 798 1159 μὲν
820 1073 875 1140 καὶ
898 1070 1019 1164 φθόνῳ
1037 1066 1080 1142 ἀν
1097 1082 1231 1144 εἴποιεν.

101 1159 183 1239 οὗτοι
200 1170 255 1259 δέ,
279 1167 357 1251 ταάς
375 1173 548 1258 κατέλεξα,
571 1169 693 1252 πάντες
711 1168 799 1260 πλήν
813 1167 1051 1263 Ἀριστοδήμου
1069 1176 1136 1243 των
1154 1170 1233 1245 ἀπο·

102 1269 269 1342 θανόντων
281 1275 318 1342 έν
335 1269 440 1363 ταάτη
456 1275 500 1361 ‘cp'
515 1270 602 1362 μάχη
620 1279 721 1363 τίμιοι
741 1276 907 1361 ἐγένοντο
934 1269 1165 1364 Ἀριστόδημος
1184 1276 1233 1363 δὲ,

103 1370 292 1462 βουλόμενος
309 1369 498 1444 ἀποθανεῖν
516 1370 572 1443 διά
588 1371 650 1462 τήν
667 1376 911 1464 προειρημένην
933 1381 1060 1464 αἰτίην,
1085 1371 1148 1449 οὐκ
1172 1379 1233 1445 έτι-

101 1471 190 1562 μήθη.
228 1464 332 1545 Οὗτοι
349 1475 413 1564 μέν
429 1478 497 1544 των
515 1478 552 1545 έν
570 1478 755 1563 Πλαταιῇσι
772 1471 1049 1565 οὕνομαστότατοι
1069 1479 1279 1565 ε’μένοντο.72

102 1573 319 1667 Καλλικράτης
335 1574 399 1666 γάρ
418 1580 479 1660 ἔξω
496 1580 554 1665 τῆς
571 1575 676 1667 μάχης
693 1573 859 1665 ἀπέθανε,
886 1574 998 1647 έλθιάν
1020 1573 1106 1667 ἀνὴρ
1124 1578 1232 1648 κάλλι-

102 1696 167 1757 στος
184 1681 216 1759 ές
234 1673 272 1747 τδ
291 1675 516 1766 στρατόπεδον
538 1681 605 1747 των
628 1677 701 1748 τότε
721 1672 917 1767 Ἑλλήνων,
931 1674 972 1749 οὗ
995 1677 1098 1767 μόνον
1121 1675 1234 1750 αὐτων

101 1784 383 1868 Λακεδαιμονίων,
410 1773 494 1849 ἀλλά
517 1782 571 1848 καί
596 1783 665 1850 των
688 1777 800 1848 ἀλλων
820 1774 1001 1867 Ἑλλήνων·
1033 1774 1085 1868 ὃς,
1118 1778 1233 1868 ἐπειδὴ

101 1878 305 1968 ἐσφαγιάζετο
327 1887 542 1970 Παυσανίης,
571 1879 754 1971 κατήμενος
785 1884 821 1950 έν
843 1884 886 1970 τῇ
907 1878 978 1964 τάξι
1002 1883 1233 1972 ἐτρωματίσθη

100 2043 251 2095 rataiterth.
268 2060 333 2110 pag.
348 2043 388 2095 16.
406 2050 462 2096 not.
481 2043 523 2095 28.
552 2044 637 2095 Plura
688 2037 797 2096 νόντων
815 2035 993 2111 ένταάτητῇ
1005 2038 1096 2110 μάχη,
1114 2045 1232 2096 eaKoe·

100 2127 195 2177 quoque
207 2112 289 2163 dabit
298 2113 400 2163 Kruae:
413 2111 512 2163 Hellas
521 2113 542 2162 I.
552 2111 632 2178 publ
688 2118 750 2163 nius
768 2113 804 2192 αδ
816 2127 872 2177 aeq.
887 2128 948 2178 cap.
967 2113 1075 2163 initium
1094 2111 1231 2162 tranalota

101 2193 151 2244 req.
685 2185 750 2246 poet
768 2195 847 2231 ουτοι
859 2174 912 2245 μέν
930 2181 1014 2230 inseri
1028 2180 1095 2231 vult.
1121 2180 1172 2230 Cui
1189 2186 1231 2229 ta-

128 2240 233 2313 λέσχης]
251 2247 341 2297 Affcrt
358 2247 457 2298 Suidae
475 2249 511 2298 11.
533 2264 559 2313 p.
576 2246 635 2298 432.
689 2263 750 2298 men
769 2264 848 2298 nemo
866 2248 998 2298 editorum
1017 2254 1059 2297 eat
1076 2247 1231 2298 obsecutus.

99 2313 136 2363 Tu
150 2315 204 2365 rid.
215 2320 285 2366 nott.
299 2316 334 2366 ad
346 2317 369 2377 1,
387 2314 443 2365 153.
468 2316 498 2365 In
516 2330 591 2381 seqq.
605 2303 636 2374 ὃς
687 2313 776 2380 τίμιοι
795 2307 939 2379 ἐγένοντο,
957 2315 1056 2378 publice
1073 2316 1192 2365 λοαοταλί
1208 2330 1230 2364 a.

100 2383 157 2446 poni
168 2399 215 2447 pro
228 2380 273 2441 τίς
285 2382 634 2499 οδααταιιλθαὴααίχὶιαεα·
685 2382 785 2446 publico
796 2384 893 2433 honore
905 2384 994 2448 affecti
1001 2389 1067 2442 rant,
1081 2397 1133 2446 qno
1143 2382 1232 2431 caruit

101 2463 146 2498 cer.
159 2451 250 2500 citans
262 2451 310 2513 vl,
321 2449 375 2499 134.
384 2449 425 2511 37,
439 2450 486 2500 ubi
499 2450 526 2499 vi
547 2455 634 2500 .nott.
687 2450 889 2510 Aristodemum
903 2454 1014 2514 spectat
1026 2450 1123 2514 opinor
1137 2448 1170 2497 ad
1185 2465 1232 2499 eoa
1277 2446 1282 2453 ’

99 2516 134 2565 λδ
149 2518 233 2568 rerba
253 2511 323 2582 ἔργα
340 2508 543 2579 ἀποδέξασθαι
562 2518 635 2568 conf.
688 2517 819 2579 honores,
838 2517 936 2581 quibus
955 2517 1000 2581 qui
1012 2532 1060 2582 pro
1077 2516 1170 2580 patria
1187 2533 1231 2566 oc·

101 2584 178 2634 allata
195 2585 230 2635 ad
248 2586 311 2647 VII,
332 2584 378 2635 138
401 2591 429 2635 et
446 2586 479 2635 da
496 2585 635 2636 locutione
689 2584 850 2643 cubuerant,
862 2583 938 2634 afflet
949 2583 1047 2645 solent,
1059 2584 1093 2633 ad
1104 2585 1233 2648 exequia-

100 2638 463 2718 ἀτδραχενέσθαιάχαθάν,
475 2653 636 2717 quaeetiam
688 2668 746 2701 rum
763 2652 910 2702 soliemnia
928 2657 955 2701 et
975 2667 1046 2716 quae
1068 2654 1131 2701 cunt
1151 2650 1231 2700 huina

101 2719 228 2771 invenitur
252 2721 301 2782 ΙΙΙ,
327 2720 369 2781 75,
394 2726 463 2770 nott.
488 2721 524 2770 ad
547 2721 584 2784 V,
609 2720 635 2771 λ.
687 2721 806 2785 generis.

101 2786 635 2846 lwadnaNoatcrdixitnristcdemum

101 2854 636 2919 i.abrrabiemadeoaddnetnrn,sarore
857 2888 878 2938 C
944 2888 1048 2938 ,ΜΠ

101 2924 198 2986 modam
226 2930 387 2988 correptura:
416 2923 496 2988 plura
526 2923 559 2972 de
583 2923 635 2972 hoc
841 2981 848 2999 Ι
881 2904 924 2938 ΔΡ·
1050 2925 1056 2937 “

101 2990 175 3040 rerbo
187 2991 352 3041 exhibentur
364 2992 392 3040 in
404 2991 546 3040 Thesauro
554 2991 635 3056 Ling.
721 2980 797 3055 ἀνὴρ
809 2986 970 3056 ιιαλλτστος]
984 2989 1066 3039 Haud
1079 2988 1161 3039 aliter
1169 2987 1232 3038 Pin·

102 3056 189 3110 Graec.
203 3059 236 3109 V.
249 3074 287 3123 pa
308 3057 379 3108 ,450
391 3058 433 3108 ed.
447 3057 573 3108 Dindorf.
687 3058 799 3108 tarcbua
816 3058 871 3107 vit.
888 3057 1001 3108 Aristid.
1021 3057 1051 3106 17
1072 3072 1133 3107 eum
1149 3061 1233 3107 vocat

129 3112 286 3176 ἀτείποιεν
318 3126 404 3175 Notat
415 3126 513 3175 Mattb.
528 3124 574 3175 Gr.
589 3124 635 3175 Gr.
688 3119 754 3191 ἰδέᾳ
774 3118 924 3175 κάλλιστον
941 3116 1090 3190 Ἑλλήνων.
1121 3125 1231 3175 Wessc-

101 3192 121 3252 fi.
135 3192 195 3254 514,
213 3194 243 3249 2.
274 3194 319 3243 cui
342 3192 404 3243 add.
430 3194 462 3243 G.
486 3193 636 3243 Hermann.
688 3194 754 3258 ling.
779 3198 987 3257 comparaverat
1007 3192 1118 3242 Homeri
1135 3191 1177 3243 Ili.
1194 3191 1229 3250 11,

101 3259 192 3325 Opuac.
209 3261 256 3311 IV.
279 3277 344 3326 pag.
365 3258 420 3310 168.
442 3259 489 3311 rub
510 3266 538 3310 et
556 3260 634 3320 alica,
687 3260 746 3312 673.
771 3261 828 3310 Nec
842 3261 915 3325 fugit
924 3259 1058 3308 Herodoti
1070 3259 1146 3309 locus
1155 3257 1232 3307 Hoff-

102 3342 161 3391 quoa
171 3329 205 3379 δα
218 3328 336 3394 optativi
346 3329 426 3377 huius
440 3343 489 3378 nau
500 3342 635 3392 exponen·
687 3329 846 3378 meinterum
873 3326 1155 3391 (Sittlicbreiigiiiae
1179 3327 1232 3374 Le·

102 3396 327 3446 tcalaudarimua
346 3395 381 3445 ad
399 3397 425 3457 1,
444 3396 468 3445 2.
499 3394 635 3455 Seruaeo,
688 3391 1232 3463 beuransichtdflerqd.pag.83)bene

102 3463 137 3512 ait
146 3464 253 3526 Noster,
270 3464 341 3513 λανδ
350 3465 404 3513 acio
416 3480 448 3513 on
461 3466 537 3513 etiam
548 3479 584 3513 επ
597 3465 634 3512 in·
688 3468 852 3522 monentem,
867 3465 996 3525 quantum
1010 3461 1044 3510 ad
1055 3460 1175 3524 corporis
1187 3474 1233 3508 ve·

101 3531 297 3583 τίιίίαδίτττίπλ.
322 3531 401 3593 Quae
413 3530 501 3581 verba
517 3532 636 3580 animam
687 3534 825 3581 nuatatcm
848 3529 946 3579 Noster
969 3528 1078 3578 omnino
1099 3527 1233 3592 respiciat

101 3599 179 3649 nostri
198 3601 342 3665 scriptoria
365 3598 399 3648 ab
421 3600 495 3649 omni
519 3598 636 3664 partium
689 3601 854 3662 quantumve
876 3595 904 3644 in
922 3594 972 3645 iila
990 3602 1075 3660 ponat
1092 3595 1230 3645 momenti.

101 3666 637 3730 audioalienum,iurtumotaequumsa-
688 3667 730 3715 Tu
746 3664 800 3715 vid.
814 3668 883 3713 nott.
903 3663 936 3712 ad
955 3664 1004 3725 ΙΙΙ,
1019 3662 1043 3711 1.
1062 3663 1093 3724 V,
1109 3663 1153 3712 12:
1173 3663 1231 3726 qni·

102 3732 297 3785 tiadeclarant.
322 3735 355 3784 In
371 3734 552 3799 aeqq.verbie
570 3724 637 3790 τούς
688 3734 739 3784 bns
766 3732 829 3781 add.
854 3730 979 3795 Xenopb.
1003 3730 1156 3795 Cyropaed.
1178 3730 1229 3790 ΙΙΙ,

102 3798 229 3865 κατέλεξα
245 3793 372 3864 πάντας,
393 3800 635 3867 utvulgolegunt,
690 3800 719 3859 1,
736 3800 768 3849 41
791 3799 883 3864 ibique
900 3798 1049 3859 Hortloin.‚
1075 3799 1182 3847 Kranae
1204 3796 1232 3845 in

103 3871 285 3921 accusativum
308 3863 419 3927 πάντας
439 3885 473 3919 ex
493 3867 636 3918 attractio·
687 3869 794 3932 Theag.
813 3883 839 3932 p.
853 3866 940 3915 51.-
958 3867 1077 3930 Inaeqq.
1092 3864 1126 3913 ad
1145 3855 1232 3927 έσφα·

102 3934 348 4055 1331313311
364 3953 386 4065 ἕ
388 3953 404 3987 ¹
416 3935 638 4067 intabuit
688 3928 1085 4066 Zi“}fiiss.?⁰.i{.ffri³irii¹ib
1102 3929 1230 4048 tuti?

104 4085 118 4117 a
138 4069 272 4123 Sanorofti
296 4071 367 4121 libro
391 4042 484 4137 rece'pi
508 4065 638 4132 πάντες,
690 4072 741 4132 ΙΙΙ,
759 4069 792 4119 62
810 4075 839 4119 et
856 4084 926 4133 quae
945 4068 1089 4118 annotavit
1105 4067 1231 4131 Wytten-

103 4135 130 4185 iu
143 4138 213 4203 qued
229 4140 286 4190 iam
304 4138 583 4205 Schweighaeuseruc
599 4138 638 4186 in·
689 4137 769 4188 bach.
783 4137 817 4187 ad
831 4135 971 4186 Plutarch.
984 4134 1092 4186 Morail.
1106 4132 1232 4182 Animad-

104 4202 216 4271 οἰδατιλ,
267 4207 374 4272 uotique
398 4206 471 4257 idem
495 4205 639 4255 Bckkerna
689 4220 775 4256 veras.
788 4206 809 4266 1,
823 4204 848 4254 2.
862 4220 898 4270 pa
919 4201 1013 4253 ‚rme

105 4276 130 4320 et
142 4288 211 4325 racc.
227 4223 288 4326 αδδ.
303 4274 444 4324 dederunt.
471 4275 548 4352 Quae
562 4273 637 4323 dein·
723 4264 883 4337 κατήμενος
896 4220 926 4322 b
938 4269 972 4335 τῇ
985 4263 1060 4333 τάξι]
1077 4266 1230 4329 „Callicra-

106 4353 166 4404 τερα
182 4341 312 4407 leguntur
328 4343 427 4393 verba:
451 4339 507 4391 τῶν
523 4340 638 4391 αποθα-
690 4346 747 4403 tea,
765 4340 854 4390 sacris
871 4340 933 4388 dum
950 4337 1116 4402 operabatur
1127 4336 1231 4385 Pausa·
