2826 5132
234 404 295 464 410
644 397 958 458 ΟΟΜΜΕΝΤΑΤΙΟ

233 573 299 625 haec
314 570 379 623 nihil
396 571 522 643 obstant,
544 587 599 641 quo
621 572 711 625 minus
731 587 802 641 quae
824 570 876 623 iam
898 570 1024 623 antesin
1045 568 1185 622 itineribus
1198 566 1329 638 longinquis

232 658 266 710 de
281 655 355 723 Asia,
372 656 406 709 de
421 656 577 722 Persarum,
593 658 771 725 Graecorum,
789 656 903 709 aliorum
918 657 1002 708 rebus
1021 654 1075 708 sibi
1098 654 1203 708 collecta
1219 659 1244 706 at
1254 658 1330 722 parata

232 736 397 809 babuerit*)
427 745 506 810 pater
540 741 685 809 historiae,
722 740 863 812 Olympiae
894 740 1060 810 praelegerit
1088 738 1233 810 speciminis
1257 753 1330 805 ceusu

232 833 375 896 antequam
390 825 512 887 Thurios
527 827 712 893 discessisset,
733 827 901 880 Graecorum
917 827 944 878 in
958 825 1079 878 notitiam
1095 842 1148 894 quo
1165 823 1331 877 venirethn

231 912 342 966 multum
363 913 456 979 abest,
482 918 513 964 ut
534 929 619 982 opus,
638 911 719 984 quale
739 928 813 965 nunc
835 916 939 979 exstat,
954 909 1001 962 illa
1014 909 1139 964 sollemni
1151 908 1291 971 occasione,
1306 905 1331 957 ab

231 996 372 1051 Herodoto
396 998 483 1048 totum
503 997 646 1050 recitatum
673 997 761 1050 tuisse
781 1002 924 1065 putemus3
944 1000 1047 1064 partem
1068 995 1159 1064 operis
1177 993 1220 1046 ille
1239 990 1332 1062 qualem

231 1098 349 1152 cunque,
365 1081 423 1133 sire
437 1074 530 1150 λόγον,
547 1087 579 1134 ut
595 1081 686 1136 dicere
702 1081 835 1149 solet**),
857 1080 1006 1151 praelegit,
1023 1080 1139 1133 Graecis
1153 1082 1332 1141 monstraturus,

231 1167 298 1240 quid
312 1165 346 1218 de
360 1184 392 1219 se
405 1165 466 1234 ipso
481 1165 571 1236 deque
594 1184 677 1236 opere
699 1183 751 1218 suo
773 1166 985 1235 exspectandum
1006 1172 1096 1234 esset,
1117 1172 1216 1235 partem
1234 1162 1286 1215 dico
1302 1159 1334 1212 rel

231 1268 323 1305 rerum
337 1249 531 1317 Asiaticorum,
555 1254 585 1303 ut
600 1251 704 1320 Heysio
720 1250 810 1321 placet
823 1251 840 1303 l.
857 1250 876 1303 l.
892 1269 919 1321 p.
934 1253 982 1320 41,
1004 1250 1048 1302 cui
1069 1250 1141 1303 band
1157 1248 1211 1303 scio
1229 1264 1260 1299 an
1279 1252 1334 1299 recte

231 1338 259 1389 in
281 1354 313 1388 eo
332 1335 497 1405 obloquatur
513 1336 645 1403 laegatus
662 1337 679 1390 l.
695 1336 712 1391 Ι.
725 1355 753 1406 p.
768 1340 795 1404 9,
817 1335 860 1388 vel
876 1352 966 1388 rerum
981 1335 1159 1391 Graecarum.
1191 1334 1267 1402 Nam,
1279 1328 1335 1401 quod

231 1427 306 1475 recte
327 1419 469 1473 contendit
483 1421 594 1489 Kriger
615 1422 632 1474 l.
649 1422 667 1475 Ι.
687 1439 713 1490 p.
727 1424 776 1488 31,
800 1420 879 1474 valde
900 1421 932 1473 lit
951 1420 1107 1490 probabile,
1129 1415 1336 1472 Herodotamiau

231 1505 339 1576 Olymp.
354 1505 506 1573 LXXXlll,
521 1508 537 1561 3
554 1512 582 1559 et
598 1506 744 1575 LXXXIV,
763 1511 775 1560 l
798 1512 905 1559 tantum
928 1505 1057 1558 hahuisse
1075 1505 1252 1569 elaboratum,
1270 1516 1337 1572 quan·

230 1598 287 1644 tum
301 1592 335 1644 ad
353 1588 561 1659 praelectionem
577 1592 725 1645 habendam
740 1592 896 1658 sufficeret3
913 1609 963 1644 nec
976 1607 1092 1660 prorsus
1107 1590 1172 1643 inde
1189 1586 1339 1642 reiiciendna

230 1675 332 1729 Suidae
348 1674 541 1744 testimonium,
557 1678 633 1731 Sarni
645 1677 775 1731 historias
789 1693 856 1730 suas
870 1677 1040 1730 Herodotum
1053 1673 1263 1745 conscripsisse:
1279 1669 1339 1724 modo

230 1780 265 1814 ne
280 1768 367 1814 totum
383 1760 464 1832 quale
479 1778 553 1814 nunc
567 1762 691 1815 manibus
708 1763 822 1815 terimus
837 1779 908 1831 opus
924 1760 962 1813 ibi
977 1760 1145 1815 elaboratum
1163 1760 1249 1813 inisse
1267 1754 1340 1810 eristi·

229 1841 376 1914 mes***);
400 1862 561 1916 quamquam
575 1846 685 1916 longius
704 1848 837 1900 Nostrum
854 1847 945 1899 bacin
962 1845 1053 1898 insula
1068 1852 1254 1899 commoratum
1271 1843 1341 1895 inisse

229 1931 309 1985 valde
325 1930 474 2000 probabile.
504 1931 566 1986 Vid.
583 1938 652 1984 nott.
668 1933 703 1985 ad
713 1931 764 2001 ΙΙΙ,
780 1934 815 1985 60
829 1940 858 1985 et
871 1934 930 1986 139.
956 1931 1029 1983 Hinc
1043 1931 1141 2003 igitur,
1155 1930 1343 1995 itineribuspu
1404 1922 1405 1937 ³

230 2016 330 2082 Asiam,
346 2015 472 2081 Africam,
484 2016 552 2069 alias
569 2016 644 2070 orbis
658 2023 793 2070 terrarum
808 2023 900 2087 partes
918 2016 1006 2082 sactis,
1021 2016 1048 2068 in
1061 2016 1205 2069 Graeciam
1225 2013 1341 2084 proiectus

230 2101 348 2154 recitare
368 2100 528 2154 Herodotus
556 2102 647 2172 potuit
671 2102 828 2171 Olympiae:
847 2119 902 2173 quo
921 2102 979 2154 loco
1010 2100 1166 2153 istiusmodi
1191 2097 1343 2154 recitationes

229 2185 318 2238 fuisse
333 2184 440 2237 habitas
456 2185 499 2237 vel
514 2204 555 2253 ea,
572 2203 643 2257 quae
664 2187 769 2239 Duhlm.
791 2187 808 2239 l.
824 2186 843 2241 l.
859 2205 886 2255 p.
905 2189 937 2240 19
954 2185 1062 2254 attulit,
1087 2186 1158 2238 satis
1173 2185 1298 2256 probant3
1314 2178 1343 2230 si-

230 2271 340 2323 firmant
354 2269 540 2338 recitationes,
557 2288 628 2341 quas
639 2272 809 2324 Herodotum
823 2271 950 2338 Athenis,
967 2269 1095 2323 Corinthi
1110 2276 1141 2322 et
1155 2272 1271 2324 tortasse
1284 2265 1345 2318 etin

229 2355 333 2408 Thebis
353 2355 483 2409 hahuisse
504 2356 668 2423 tradunt†).
700 2356 755 2410 Sed
772 2357 800 2409 id
821 2357 870 2410 hac
883 2356 911 2409 in
936 2362 995 2409 tota
1014 2355 1180 2426 quaestione
1199 2352 1345 2426 potissimo·

228 2441 316 2495 teneri
334 2440 423 2508 velim,
437 2458 493 2493 non
506 2447 602 2509 toturn,
617 2440 697 2511 quale
712 2459 786 2495 nunc
796 2448 895 2507 exstat,
912 2457 982 2511 opus
998 2442 1032 2494 ab
1047 2440 1192 2495 Herodoto
1204 2438 1346 2510 praelecto!

229 2525 331 2593 fuisse,
346 2527 395 2579 sed
413 2534 505 2595 partes
517 2532 621 2579 tantum
637 2527 728 2595 operis
742 2527 873 2597 quasdam
887 2532 949 2578 unte
965 2526 1135 2593 elaboratas3
1153 2533 1185 2579 ut
1201 2526 1267 2578 adeo
1279 2528 1346 2574 oceo

230 2628 300 2681 opus
321 2610 463 2664 recitatum
490 2612 514 2663 si
538 2611 700 2681 pronuntiat
718 2613 858 2665 Lucienus
875 2612 892 2663 l.
914 2627 999 2681 supra
1013 2611 1042 2679 l.,
1063 2628 1119 2663 rem
1133 2628 1188 2681 pro
1202 2627 1273 2663 more
1285 2620 1346 2660 extr

230 2713 312 2748 nasse
325 2701 353 2747 et
364 2695 545 2766 amplificasse
558 2696 698 2766 putandus
715 2697 765 2763 sit3
782 2714 815 2749 ex
826 2712 881 2766 quo
892 2702 981 2748 minen
997 2695 1105 2748 minime
1116 2695 1146 2748 id
1161 2694 1293 2766 sequitur,
1306 2707 1347 2742 oa·

229 2799 290 2834 nem
310 2780 479 2833 recitationis
501 2782 683 2839 narrationem
704 2782 836 2834 continuo
862 2799 911 2850 pro
937 2779 1008 2833 fabo
1025 2784 1054 2833 et
1070 2780 1173 2833 ficticia
1190 2798 1253 2833 esse
1267 2777 1347 2830 habes·

229 2865 362 2932 dem††):
384 2866 512 2937 adquam
527 2866 693 2936 probandam
708 2866 751 2919 vel
766 2866 841 2918 aliud
857 2866 957 2918 afferre
977 2865 1041 2918 licet
1057 2864 1235 2935 antiquitatis
1248 2860 1348 2917 hcine

231 2949 318 3016 nium,
346 2968 379 3001 ex
399 2966 453 3021 quo
478 2959 553 3004 certe
580 2951 760 3020 intelligitur,
786 2951 856 3004 hanc
878 2952 972 3003 lamam
995 2951 1028 3003 de
1051 2951 1190 3003 Herodoti
1212 2945 1348 3003 recitatione

230 3033 372 3103 Olympiae
389 3035 480 3089 hahita
494 3037 533 3089 ita
549 3035 702 3107 antiquitus
718 3041 895 3107 propagatam
911 3019 1015 3101 luisse:
1038 3039 1070 3088 ut
1086 3033 1131 3087 vel
1148 3033 1294 3106 proverbio
1309 3026 1347 3081 od·

229 3265 287 3301 rum
305 3255 412 3316 partem
431 3251 465 3301 ab
483 3250 622 3302 Herodoto
641 3252 669 3301 in
688 3250 808 3303 Graecia
825 3252 881 3301 iam
900 3251 1055 3301 absolutam
1073 3250 1177 3312 tuisse,
1196 3251 1266 3301 licet
1280 3245 1349 3297 elur·

229 3324 308 3384 parte
327 3324 423 3386 postea
440 3319 570 3384 temporis
589 3320 622 3370 ad
641 3318 722 3369 finem
740 3319 886 3385 perducta;
910 3319 958 3369 sed
976 3321 1087 3384 quinam
1104 3318 1171 3368 libri
1194 3317 1349 3369 Thorium

229 3388 326 3453 scripti
352 3388 454 3439 luerint
475 3403 525 3437 seu
551 3388 669 3439 correcti
691 3392 719 3437 et
743 3387 893 3446 emendati,
925 3387 1062 3437 neminem
1085 3386 1174 3437 facile
1199 3384 1349 3436 defimmna

229 3456 325 3588 pmii
344 3457 391 3575 CL.
404 3456 545 3574 quprqert:
569 3454 742 3573 IIJclioedaalre
761 3456 856 3506 lonico
879 3455 993 3519 disquis.
1017 3452 1153 3520 (Beroliu.
1179 3451 1262 3519 1830)
1283 3468 1306 3518 p·
1319 3445 1350 3497 53

366 3541 421 3575 un.
466 3539 629 3577 ruer...
666 3561 672 3572 .
726 3559 733 3571 .

296 3587 422 3688 lZQVid.
442 3541 517 3641 infeli
533 3594 557 3654 ξ.
577 3589 616 3641 13.
647 3539 664 3588 p

342 3656 519 3723 >Schoenida
532 3657 772 3724 (Philolog.IX.p.
785 3658 818 3709 29
831 3674 906 3724 seqq.
920 3656 976 3726 69),
991 3658 1037 3724 qui
1051 3662 1079 3708 et
1088 3657 1148 3723 ipso
1163 3651 1352 3709 existimstllc·

230 3726 354 3776 rodotum
372 3742 542 3792 peromnem
561 3728 636 3776 vitae
655 3741 762 3776 cursum
784 3727 813 3776 in
836 3743 918 3793 opere
937 3725 1135 3777 conscribendo
1155 3732 1186 3777 et
1203 3716 1351 3792 perficiendo

230 3798 370 3844 versatum
390 3810 460 3855 asae,
479 3796 594 3860 primum
612 3800 705 3844 tamen
723 3794 797 3844 Sami
816 3795 973 3860 conscripta
990 3793 1119 3860 perhibet
1136 3809 1183 3851 ea,
1209 3808 1278 3859 quse
1294 3798 1352 3840 aaut

231 3861 290 3911 fere
308 3860 388 3911 libris
406 3863 530 3912 VII—IX
549 3862 734 3920 continentur,
753 3878 809 3912 una
827 3878 887 3913 cum
904 3863 1057 3929 prooemio,
1081 3861 1152 3927 quod
1177 3862 1207 3912 hi
1230 3860 1290 3911 libri
1305 3856 1352 3907 aive

231 3929 284 3978 hae
307 3932 412 3993 operis,
440 3929 521 3995 quale
544 3945 599 3979 nun
622 3933 726 3992 exstat,
750 3935 842 3996 partes
861 3931 990 3981 continuo
1008 3930 1182 3995 exceperint,
1204 3930 1245 3980 ita
1261 3930 1289 3976 ut
1303 3934 1352 3973 ean

233 4012 265 4047 eo
283 3996 344 4061 ipso
367 4013 450 4048 unum
474 3997 606 4061 quoddam
628 4001 714 4047 totum
734 3999 938 4049 constituerint:
961 3998 1043 4048 iniis
1060 4012 1134 4051 vero.
1153 4012 1227 4062 quae
1245 3996 1304 4062 post
1317 4002 1353 4040 w

231 4065 374 4125 cesserint,
394 4065 565 4129 potissimum
583 4065 658 4114 cerni
675 4064 735 4115 vult
753 4081 813 4117 eam
830 4067 894 4127 vim,
914 4081 995 4130 quam
1013 4064 1181 4130 Panyasidis
1201 4055 1353 4135 consustud⁰

232 4134 261 4182 in
278 4132 412 4182 Herodoti
429 4133 536 4182 iuuenis
555 4133 673 4182 animum
692 4135 856 4197 exercuerit,
875 4134 910 4183 ad
928 4135 1035 4199 poetas,
1053 4138 1142 4196 vates,
1161 4131 1288 4191 oracula,
1306 4124 1353 4175 ὼ

232 4202 260 4251 id
278 4215 365 4266 genus
383 4199 557 4266 respicientis
575 4200 661 4250 etita
679 4202 838 4265 scribentis,
863 4206 894 4251 ut
911 4201 1083 4251 oraculorum
1101 4200 1268 4267 dignitatem
1285 4200 1353 4259 atqut

231 4270 288 4320 vim
300 4269 329 4318 iu
346 4283 440 4319 omues
458 4283 503 4317 res
520 4267 653 4318 humanus
670 4268 860 4320 illustrandam
879 4269 932 4320 sihi
950 4273 1069 4335 putaret.

301 4333 333 4395 †l
352 4336 415 4386 Vid.
432 4335 549 4401 Krliger.
566 4336 586 4387 1.
606 4335 623 4385 l.
643 4352 669 4402 p.
687 4335 729 4387 2³.
747 4338 789 4387 24.

300 4402 353 4469 ἢ)
372 4403 433 4455 Vid.
446 4403 539 4468 Heyse
557 4403 575 4454 l.
594 4403 612 4454 l.
631 4419 658 4469 p.
675 4404 717 4454 27.
730 4405 837 4471 Kriiger
854 4403 873 4458 l.
890 4404 909 4455 1.
926 4420 953 4471 p.
970 4402 1012 4454 30.
