2826 5132
480 895 837 982 EXOURSUS

556 1071 605 1123 no
624 1070 697 1140 vm,
712 1074 755 1124 55.

302 1355 347 1415 he
364 1356 525 1416 Erechthei
542 1360 648 1433 templo
664 1359 697 1417 in
719 1356 904 1418 Athenarum
924 1372 1006 1415 erce.

171 1527 274 1580 Scribit
289 1527 449 1581 Herodotus
465 1529 541 1597 vm,
566 1533 615 1583 bb:
635 1526 706 1583 ἐστι
726 1525 757 1585 ἐν
777 1531 811 1602 τῇ
829 1521 965 1598 depondio
982 1521 1069 1600 ταύτῃ
1085 1520 1228 1597 Ἐρεχθέος

99 1614 140 1665 τοῦ
152 1610 279 1682 γηγενέος
295 1610 442 1682 λεγομένου
459 1610 531 1668 εἶναι
545 1609 628 1686 νηὸς,
647 1608 678 1669 ἐν
690 1617 732 1689 τῷ
752 1610 828 1683 ἐλαίη
842 1633 871 1669 τε
892 1612 941 1668 καὶ
952 1600 1083 1668 θάλασσα
1094 1609 1151 1681 ivr,
1166 1613 1227 1684 qui-

99 1697 142 1750 bus
162 1698 252 1751 verbis
276 1704 408 1765 testetur,
428 1719 478 1754 ruo
501 1701 582 1771 ipsine
605 1709 694 1755 octote
721 1697 832 1771 (ἐστι)
853 1699 882 1751 in
907 1716 940 1751 ee
965 1716 1028 1752 arce
1048 1698 1227 1768 Athenarum,

98 1799 166 1852 quam
181 1783 286 1836 Xerxes
302 1783 391 1853 cepit,
407 1784 496 1838 fuisse
511 1785 659 1838 Erechthei
674 1785 751 1839 terri
772 1784 830 1838 neti
850 1784 957 1851 sedem,
982 1784 1009 1836 io
1034 1800 1090 1854 que
1108 1783 1227 1855 (adhuc)

97 1866 242 1921 invenietur
264 1868 325 1920 oleo
345 1877 373 1921 et
393 1887 481 1922 mure:
505 1887 576 1941 qnee
598 1872 659 1941 ipse
674 1869 882 1923 Atheniensium
902 1871 972 1922 semro
990 1870 1046 1921 fert
1070 1868 1228 1922 testimonie

97 1954 211 2020 posuisse
226 1953 380 2006 Vulcanum
396 1963 424 2006 et
439 1955 608 2023 Minervam,
624 1973 684 2008 cum
705 1957 741 2009 de
760 1955 809 2008 bec
824 1961 900 2008 terra
911 1954 972 2007 olim
988 1949 1225 2021 decertassent*).

96 2036 253 2092 devocemur
267 2039 310 2090 his
327 2039 418 2092 verbis
433 2040 468 2093 ed
483 2040 676 2112 antiquissimu
690 2041 857 2095 Athenarum
877 2047 1001 2110 tempore
1016 2046 1044 2092 et
1061 2039 1096 2092 nd
1111 2038 1227 2108 primor-

97 2122 133 2174 die
147 2141 232 2176 rerum
249 2122 411 2191 Atticarum,
426 2125 461 2177 ud
477 2143 548 2195 quoe
564 2127 661 2180 buecce
678 2126 826 2180 Erechthei
840 2125 940 2192 sedes,
957 2142 1028 2196 quse
1046 2141 1106 2179 cum
1121 2122 1228 2176 Miner·

99 2224 138 2259 voe
156 2209 277 2261 Poiisdis
297 2208 364 2261 aede
379 2211 527 2263 coniuncto
549 2220 623 2280 eret,
645 2212 686 2264 sic
700 2211 848 2282 pertinuit,
875 2217 907 2263 ut
927 2212 1024 2263 beecce
1046 2210 1128 2263 sedes
1155 2208 1226 2261 enti-

98 2293 237 2360 qoissimonr
265 2300 295 2345 ct
318 2294 516 2348 sanctissimam
539 2296 689 2349 Atticarum
711 2296 874 2365 religionum
901 2302 1006 2366 pertem
1030 2295 1228 2348 constitueret:

99 2394 194 2448 esuque
219 2380 256 2431 ob
279 2394 387 2432 causans
400 2379 545 2450 Epidaurii
570 2398 680 2451 quoque
701 2400 781 2434 sacro
803 2381 953 2450 quotannis
977 2382 1078 2434 otierre
1094 2380 1226 2432 iubentur

100 2456 256 2537 inhumata
273 2481 302 2517 τε
317 2464 351 2535 τῇ
360 2452 480 2518 Πολιάδι
492 2464 541 2518 καὶ
555 2467 593 2537 τῷ
603 2458 725 2534 Ἐρεχθέϊ
742 2467 823 2533 v,82‚
840 2465 887 2517 nbi
901 2465 957 2517 vid.
976 2472 1046 2518 nott.
1072 2467 1187 2518 Factum
1197 2463 1227 2517 id

105 2554 137 2597 ot
145 2548 209 2602 circe
225 2549 384 2617 Olympind.
402 2550 459 2614 tx,
481 2558 546 2602 onte
560 2550 666 2604 Persici
682 2549 746 2604 bethi
763 2558 899 2620 temporo,
923 2550 1026 2620 quibus
1039 2550 1109 2602 hunc
1121 2549 1226 2602 Erech-

105 2629 243 2689 theieedem
253 2676 262 2704 ‚
273 2626 424 2704 Ἐρεχθῆος
438 2630 560 2689 nocendo
576 2630 664 2704 δόμον
680 2636 892 2689 dixitHomerns
907 2634 1012 2703 Odyss.
1029 2634 1092 2702 vll,
1106 2636 1152 2702 81,
1171 2633 1227 2686 uni

104 2732 145 2768 cun
158 2720 275 2793 reliquis
290 2737 314 2771 s.
333 2720 440 2790 templis
456 2740 481 2774 s.
498 2720 631 2773 eediiiciis
647 2722 718 2774 ercis
731 2720 869 2772 incensum
884 2738 947 2773 esse
966 2720 1010 2772 hic
1023 2718 1226 2791 ipseHcrodoti

101 2798 160 2856 iocos
178 2799 366 2871 testetur**).
397 2807 436 2857 Ao
459 2806 484 2857 si
502 2805 568 2875 quid
583 2814 639 2859 tum
663 2806 796 2876 reliquum
813 2805 881 2876 ruit,
904 2806 1010 2875 quode
1031 2803 1146 2858 flammis
1161 2821 1226 2856 con·

99 2896 214 2958 sumpturo
226 2907 284 2943 non
302 2896 346 2943 est
362 2922 399 2930 —
416 2898 443 2942 et
458 2891 589 2943 credibile
609 2909 676 2944 sune
692 2899 750 2958 est,
766 2908 820 2943 non
839 2891 928 2943 omniu
942 2907 1059 2961 prorsus
1075 2888 1226 2956 interiisse,

98 2974 208 3040 quonium
230 2975 355 3028 secundo
377 2982 442 3045 post
459 2976 615 3029 incendium
638 2977 682 3030 die
698 2975 882 3029 Athenienses
906 2977 981 3044 regis
996 2974 1085 3046 ipsius
1101 2975 1181 3027 iussu
1196 2974 1225 3026 in

96 3073 169 3112 urcem
193 3060 347 3113 escendere
375 3060 521 3129 iubentur,
549 3079 629 3115 sucro
656 3061 756 3114 tacturi
779 3093 821 3102 —
847 3067 936 3113 temen
965 3060 1108 3131 postmodo
1137 3060 1228 3112 omnio

95 3142 222 3214 rhumpts
237 3145 495 3213 snutobinrdonio,
511 3146 557 3216 qui
573 3146 703 3200 exAttiou
719 3146 894 3199 iuBoeotium
912 3146 1071 3214 regreditur
1085 3134 1226 3214 ἐμπρήσας

93 3246 116 3279 τε
129 3223 175 3291 τὰς
188 3223 322 3300 Ἀθήνας,
338 3228 386 3284 καὶ
402 3231 432 3283 εἴ
444 3249 496 3284 κου
511 3250 537 3283 τι
557 3224 647 3300 ὀρθὸν
663 3221 700 3302 ἦν
720 3231 777 3284 τῶν
792 3228 901 3299 τειχέων
918 3221 937 3301 ἢ
952 3232 1008 3284 τῶν
1028 3219 1188 3298 οἰκημάτων
1207 3222 1226 3300 ἢ

93 3313 139 3365 τῶν
158 3310 238 3386 iouis,
262 3309 355 3369 πάντα
379 3308 543 3387 καταβαλών
564 3309 788 3387 nebrundines,
811 3324 841 3368 ot
862 3317 967 3369 Noster
989 3314 1075 3368 tradit
1098 3314 1152 3385 IX,
1178 3316 1226 3369 13:

92 3414 242 3470 quemquem
264 3400 331 3454 bueo
352 3401 413 3472 ipsu
436 3401 571 3454 Herodoti
598 3403 681 3454 verbe
705 3399 795 3453 miurus
821 3401 917 3453 stricte
939 3400 1025 3470 accipi
1049 3398 1110 3451 vult
1133 3399 1226 3452 Leuke

94 3481 292 3557 [Topogrophie
308 3504 335 3539 ν.
352 3486 451 3539 Athen.
473 3504 537 3556 pag.
552 3490 570 3541 t)
587 3486 631 3539 ed.
647 3478 893 3555 Toricens.***)],
914 3485 958 3537 coi
981 3501 1075 3556 purum
1096 3483 1227 3538 credibile

94 3597 286 3613 Q*-

148 3666 175 3732 *)
193 3669 288 3719 Verbo
304 3668 438 3720 Herodoti
456 3674 532 3718 oront:
553 3659 635 3719 ἐντῶ
649 3659 773 3732 {heines
790 3663 840 3717 καὶ
863 3659 997 3717 θάλασσα
1015 3662 1071 3727 ἐνι,
1089 3661 1124 3717 τὰ
1142 3658 1226 3732 λόγος

91 3724 154 3795 παρ’
170 3725 329 3801 Ἀθηναίων
341 3729 525 3788 Ποσειδέωνά
538 3752 567 3787 τε
580 3721 630 3787 καὶ
638 3726 802 3801 Ἀθηναίην,
815 3727 966 3799 ἐρίσαντας
981 3731 1047 3799 περὶ
1063 3733 1114 3803 τῆς
1124 3731 1224 3802 χοίρης,

89 3794 1175 3923 “mii‘ieisiii'b}rdiiidi‘biaiiiidiffiniti}”ittiii‘idiiiidi
1202 3869 1224 3922 e

230 3892 235 3904 ⁸
282 3892 292 3923 l
319 3892 333 3923 0
429 3892 444 3922 0
508 3891 514 3921 ἰ

91 3888 221 4004 κατὲλσέβε
234 3933 438 4007 ἐμπρησθῆναι
451 3931 507 3991 sind
520 3939 576 3990 coin
588 3888 749 4007 βέρβαρωέν.
776 3888 865 4005 Atqui
879 3888 975 3990 eodbm
986 3923 1134 4006 peitinent'
1154 3887 1223 4003 (ltine

91 4010 167 4057 outos
187 4008 315 4074 leguntur
333 4026 394 4073 cop.
412 4009 445 4059 53
459 4010 512 4069 tiu,
531 4010 578 4058 nbi
602 4009 713 4058 berburi
735 4007 950 4058 Atheniensibus
967 4009 1091 4059 omnibus
1115 4008 1172 4071 (qui
1196 4008 1224 4057 in

91 4073 212 4139 templum
240 4078 437 4139 confugerunt)
459 4077 614 4127 interiectis
632 4071 669 4126 cd
694 4069 771 4140 ἷρόν
788 4069 960 4142 συλήσαντες
984 4068 1225 4139 ἐνέπρησαν

90 4138 179 4192 πᾶσαν
196 4137 251 4210 τὴν
268 4136 438 4209 Aaronom,
461 4150 489 4195 et
507 4144 603 4221 eodem
627 4159 708 4195 sensu
725 4145 824 4195 Noster
845 4145 966 4211 loquitur
986 4160 1050 4209 cop.
1067 4143 1101 4194 54
1118 4142 1165 4192 flu.
1188 4143 1222 4193 de

5 4236 6 4239 =
90 4207 173 4260 Xerxe
192 4202 411 4279 ἐμπρήσαντι
428 4205 465 4263 τὸ
484 4206 569 4277 [ρον.

150 4275 204 4341 m)
217 4280 290 4330 Idem
301 4283 360 4331 sere
372 4278 561 4332 sentitBeuld:
574 4279 743 4346 L’Acropolo
756 4279 956 4346 etc.I.peg.90,
970 4280 1016 4345 qui
1028 4278 1223 4331 deHerodoteo

90 4340 146 4396 loco
157 4346 203 4409 IX,
221 4347 252 4399 13
264 4350 304 4400 sie
316 4350 427 4400 stotuit:
446 4348 487 4411 „il
500 4364 534 4398 ue
549 4348 609 4399 seut
622 4349 804 4399 ovidemmeut
815 4364 865 4414 pus
883 4347 999 4414 prendre
1011 4347 1029 4396 h
1041 4346 1069 4397 le
1081 4345 1163 4397 lettre
1175 4362 1223 4398 ces
