2952 5156
230 401 290 463 152
666 383 932 449 HERODO'PI

219 564 377 656 Ἕλληνες
394 568 529 651 νικῶσι,
549 564 672 633 δοῦλον
689 555 750 629 σδν
767 552 997 636 ἀπολέσαντες,
1025 550 1069 623 σύ
1093 555 1147 643 δὲ,
1174 556 1243 624 τῶν
1261 560 1369 625 εἵνεκα
1462 600 1463 603 =

164 666 289 745 103τόν
307 666 424 738 στόλον
442 663 615 752 ἐποιήσαο,
634 658 791 752 πυρώσας
808 654 866 740 τὰς
882 654 1027 746 Ἀθήνας
1043 651 1177 749 ἀπελᾷς.
1199 652 1318 745 “Horta
1335 685 1369 727 re
1463 726 1464 751 ,

233 772 270 841 δὲ
287 773 329 859 τή
345 773 533 857 συμβουλίη
552 767 688 854 Ξέρξης·
714 764 857 849 λέγουσα
874 756 938 849 γὰρ
956 756 1157 848 ἐπετύγχανε
1175 756 1216 827 roi
1232 784 1295 849 περ
1313 754 1370 828 air
1463 768 1464 825 ἶ

230 870 286 952 τός
305 868 402 941 ἐνόεε.
438 864 519 938 οὐδὲ
537 864 612 956 γὰρ,
635 871 666 934 εἰ
682 862 803 945 πάντες
821 864 877 932 καλ
895 864 998 931 πᾶσαι
1016 857 1266 948 συνεβούλευον
1282 855 1372 952 αὐτῷ

231 975 357 1064 μένειν,
376 977 471 1061 ἔμενε
488 963 542 1057 ἂν,
562 969 691 1037 δοκέειν
710 968 791 1055 ἐμοί’
809 960 897 1034 οὕτω
915 960 1177 1053 καταρρωδήκεε.
1200 964 1372 1042 ἐπαινέσας

234 1075 271 1143 δέ
296 1068 605 1162 τήνἈρτεμισιήν,
638 1066 764 1155 ταύτην
789 1066 851 1156 μὲν
876 1060 1069 1135 αποστέλλει
1094 1061 1244 1152 ἄγουσαν
1270 1058 1373 1134 αὐτοῦ
1464 1128 1465 1139 ,

232 1171 310 1255 τούς
328 1179 450 1254 παῖδας
470 1176 501 1254 ἐς
509 1168 669 1260 Ἔφεσον·
688 1168 777 1239 νότοι
795 1165 859 1258 γάρ
875 1194 964 1248 τινες
981 1169 1099 1247 παῖδές
1115 1169 1150 1235 oi
1165 1171 1372 1236 συνείποντο.
1464 1196 1465 1201 ’

167 1300 227 1359 104
310 1277 511 1364 Συνέπεμπε
530 1274 567 1343 δέ
584 1289 669 1342 τοῖσι
687 1272 781 1339 παισὶ
799 1267 953 1357 φύλακον
965 1263 1175 1357 Ἑρμότιμον,
1199 1269 1295 1355 γένος
1313 1267 1374 1355 μὲν

237 1376 332 1448 ἐόντα
351 1379 530 1464 Πηδασέα,
558 1371 746 1462 φερόμενον
773 1372 809 1440 δέ
835 1366 877 1440 οὐ
902 1367 943 1439 τὰ
962 1367 1102 1459 δεύτερα
1118 1372 1186 1439 των
1204 1364 1375 1458 εὐνούχων

234 1475 324 1566 παρὰ
347 1479 485 1566 βασιλέϊ.
523 1480 569 1546 ol
590 1475 627 1543 δέ
645 1475 819 1561 Πηδασέες
841 1474 987 1542 οἰκέουσι
1003 1466 1090 1561 ὑπὲρ
1103 1465 1374 1561 Ἁλικαρνησσοῦ.
1465 1480 1466 1483 ’

235 1642 345 1707 ceperit,
367 1645 418 1692 alla
430 1644 461 1704 fit
478 1644 559 1702 ratio,
579 1655 659 1705 aeque
679 1640 779 1696 Graeci,
831 1636 899 1687 add.
914 1636 979 1697 LII,
996 1633 1034 1684 10,
1048 1636 1123 1697 LIV,
1137 1637 1162 1685 4.
1175 1635 1253 1697 LIX,
1266 1633 1312 1699 20]
1325 1635 1376 1685 Αε-

233 1712 258 1761 si
275 1711 389 1771 νίπεααλ,
410 1712 519 1775 aliqrram
536 1708 686 1772 (magnam)
702 1710 780 1756 αἰειο-
831 1705 898 1755 lian.
916 1705 948 1754 N.
962 1705 995 1754 Α.
1007 1702 1088 1766 xm,
1102 1704 1126 1754 7.
1145 1701 1336 1754 Hemsterhus.
1349 1704 1377 1753 in

235 1780 300 1827 riam
316 1783 464 1840 reportant,
483 1777 584 1843 quondo
601 1782 667 1824 taam
682 1790 781 1824 οετααοι
831 1773 950 1826 Lucian.
968 1771 1075 1821 Timon.
1094 1770 1127 1821 35
1145 1770 1176 1834 (1.
1195 1787 1221 1835 p.
1239 1769 1290 1820 400
1302 1772 1377 1837 Bip.)

234 1846 404 1909 perdiderint.
424 1845 546 1908 Moxpro
558 1834 694 1907 ἐποιήσω,
708 1841 779 1906 quod
832 1846 861 1890 et
881 1839 1055 1905 Xenophont.
1079 1838 1182 1904 Ephes.
1206 1839 1235 1887 in
1257 1837 1377 1890 Miscell.

236 1927 331 1963 omnes
345 1912 462 1961 afferunt
474 1911 626 1973 libri,cum
640 1907 780 1959 Dindorfio
832 1908 965 1959 Observa
984 1906 1045 1955 Vol.
1063 1907 1095 1956 V.
1115 1923 1141 1971 p.
1160 1905 1202 1956 30.
1242 1907 1285 1956 Tu
1304 1907 1377 1957 coni.

237 1985 264 2029 et
282 1980 422 2029 ltietschio
441 1980 541 2044 scripsi
560 1970 721 2043 ἐποιήσαο,
740 1978 779 2026 iu·
833 1976 918 2025 etiam
942 1975 1029 2025 isam
1052 1974 1221 2025 Herodotum
1243 1974 1296 2036 VI,
1325 1973 1378 2024 100.

236 2048 319 2097 bento
332 2047 468 2096 Bredovio
481 2062 517 2111 pa
539 2045 621 2101 ert,
637 2046 682 2109 qni
694 2045 780 2093 multa
832 2041 925 2101 V11,1
979 2048 1007 2092 at
1024 2058 1072 2102 ea,
1091 2057 1163 2106 quae
1179 2057 1267 2107 nuper
1284 2042 1380 2092 attulit

236 2113 338 2163 similia
358 2114 459 2163 attulit.
494 2062 537 2162 Ag
549 2112 634 2162 verba
649 2103 781 2174 πυρώσας
832 2110 967 2161 Lotbholr
993 2109 1027 2159 ad
1051 2108 1151 2159 Basilii
1175 2114 1243 2159 orat
1268 2126 1333 2190 cap.
1354 2107 1379 2160 8.

236 2174 287 2237 τὰς
306 2170 425 2243 Ἀθήνας
448 2180 475 2242 (i.
494 2196 517 2230 e.
533 2182 644 2230 incensis
663 2179 780 2241 Arleuo)
832 2194 896 2244 pag.
918 2177 964 2240 0ος
989 2177 1025 2227 ad
1048 2177 1116 2228 illud
1137 2165 1172 2228 ου’
1194 2168 1230 2226 τοὶ
1256 2173 1379 2241 teocam

236 2248 291 2297 vid.
305 2253 373 2296 nott.
389 2249 423 2298 ad
436 2249 497 2307 Vll,
510 2246 534 2296 0.
547 2249 572 2307 §-
585 2249 610 2295 2.
645 2245 713 2296 Αδδ.
727 2247 780 2295 Eu·
833 2246 906 2296 coni.
925 2245 1024 2295 Herod.
1042 2246 1067 2303 Ι,
1085 2244 1119 2295 23
1140 2244 1234 2309 ibique
1257 2250 1330 2294 nott.
1348 2270 1378 2279 -

236 2314 548 2380 ripid.Phoeniss.584:
563 2306 780 2379 Θήβαςπνρώ·
832 2315 944 2374 eranta
968 2318 1060 2362 autern
1085 2311 1268 2363 eunuchorum
1294 2312 1381 2363 fuerit

237 2396 305 2440 σας.
330 2380 633 2447 soph001.Antig.ese.
652 2381 779 2444 Aeschyl.
832 2381 983 2431 auotoritas
997 2385 1079 2445 atque
1093 2386 1216 2446 potestas
1229 2380 1304 2446 apud
1314 2380 1379 2432 Per·

236 2448 529 2513 emmanuelem).
556 2449 597 2499 Ad
610 2449 726 2499 formam
739 2448 779 2498 iu·
832 2463 922 2498 samm
940 2463 1033 2514 reges,
1054 2449 1100 2513 qni
1116 2446 1381 2512 illosquibusvisin

237 2518 291 2566 turi
308 2507 417 2583 ἄπεληῖς
434 2517 575 2579 (directim,-
598 2517 653 2567 vid.
667 2517 733 2577 Vll,
747 2514 781 2566 00
832 2516 914 2566 rebus
937 2516 1110 2581 gravissimis
1139 2514 1313 2566 adhibebant
1337 2516 1381 2567 rel

237 2585 329 2649 ibique
343 2584 423 2647 nott.)
438 2585 596 2635 Herodotea
609 2584 703 2635 attulit
714 2585 780 2634 Bra·
832 2589 959 2634 auctores
975 2583 1021 2633 vel
1038 2583 1226 2643 administros,
1251 2584 1326 2634 satis
1347 2599 1382 2635 es

237 2652 298 2704 (lov.
323 2667 387 2717 pag.
410 2651 469 2706 300,
504 2653 545 2701 Ad
569 2653 684 2702 iormam
706 2651 779 2717 plns·
832 2652 944 2712 docent,
965 2666 1034 2714 quae
1053 2650 1086 2701 de
1100 2651 1244 2700 Persarum
1259 2649 1382 2702 historia

238 2720 437 2784 quamperiecti
449 2712 667 2835 καταρρωδήκεε
681 2721 708 2769 in
721 2735 780 2783 seq.
832 2736 847 2770 e
861 2718 1003 2769 Ctesianis
1016 2719 1154 2783 excerptis
1170 2718 1205 2768 ad
1217 2733 1267 2768 nos
1279 2735 1380 2784 parre·

238 2787 330 2851 capite
344 2787 539 2836 coni.Bredov.
551 2803 576 2851 p.
588 2786 604 2837 3
622 2785 778 2847 0320200,
831 2793 930 2837 nerunt
943 2786 1055 2836 tradita.
1090 2786 1146 2835 Ubi
1158 2792 1290 2836 accurate
1307 2787 1380 2837 indi·

240 2867 292 2917 quo
310 2852 406 2903 eodem
425 2854 558 2917 probante
576 2870 640 2919 pap.
654 2854 704 2904 303
722 2870 782 2903 cum
835 2859 922 2915 catur,
936 2854 1047 2919 quinam
1060 2854 1132 2904 inter
1144 2853 1283 2904 eunuchos
1293 2853 1382 2920 pluri·

238 2926 352 2970 recentt.
373 2921 434 2972 adl.
452 2921 515 2970 dedi
533 2919 716 2972 συνείποντο
733 2938 782 2986 pro
834 2937 905 2972 nrum
918 2921 990 2987 apud
999 2937 1216 2986 unumquemque
1226 2937 1323 2988 regom
1333 2938 1379 2974 au·

237 2987 313 3053 vulg.
323 2981 515 3038 συνέσποντο.
529 2989 589 3039 Vid.
601 2990 675 3038 inira
685 2990 733 3053 lx,
743 2989 781 3039 15.
834 2991 966 3041 ctoritate
988 2988 1117 3039 valuerit.
1161 2989 1223 3040 vid.
1247 2994 1321 3040 nott.
1346 2990 1383 3041 ad

835 3057 909 3107 Gtes.
923 3072 987 3123 pag.
1003 3056 1050 3106 120
1067 3061 1095 3107 at
1110 3073 1157 3117 ea,
1176 3071 1246 3121 quae
1263 3057 1339 3109 colle
1361 3060 1383 3108 it

436 3156 494 3206 CM,
522 3156 584 3207 CIV
834 3125 950 3190 Ruperti
973 3125 1008 3175 ad
1025 3125 1119 3175 Taciti
1135 3124 1245 3174 Annali.
1263 3125 1320 3189 VI,
1338 3075 1380 3188 11,

497 3193 503 3205 ”
585 3193 592 3207 “
834 3192 1381 3260 itemqueGibbon:Historyetc.1.cap.

274 3248 589 3323 φόλακονἘρμδτιμον]
609 3258 685 3323 Apud
696 3259 782 3310 Hero·
834 3261 901 3311 XIX
913 3261 975 3310 init.
1005 3261 1093 3326 Atque
1106 3260 1160 3310 buc
1172 3274 1278 3326 quoqne
1292 3261 1384 3313 refert

239 3325 332 3375 dotum
361 3341 414 3375 non
440 3317 549 3391 φύλαξ,
579 3326 627 3376 sed
653 3318 782 3391 φύλακος
834 3329 1050 3393 Hengstenberg
1072 3329 1192 3391 (Biicher
1208 3328 1292 3378 Mosis
1315 3345 1383 3395 pag.

239 3399 399 3444 constanter
415 3395 565 3460 reperitur3
588 3394 644 3444 vid.
660 3393 748 3444 allata
766 3411 783 3444 a
834 3396 892 3459 22),
908 3396 977 3461 qnod
990 3397 1019 3445 in
1032 3396 1132 3447 (lenes.
1145 3394 1188 3457 37,
1200 3394 1234 3447 30
1245 3396 1383 3463 Potipbar

238 3461 356 3511 Bredov,
369 3477 433 3528 pag.
446 3462 505 3512 252.
834 3468 950 3514 vocator
967 3463 1108 3514 eunuchus
1119 3465 1208 3529 regis,
1227 3464 1383 3515 satellitum

264 3524 434 3603 ,φερόμενον
451 3522 483 3606 δή
496 3518 531 3579 οὐ
543 3522 578 3579 roi
593 3521 714 3592 δεύτερα
727 3528 783 3580 των
835 3531 1004 3597 praefectus,
1029 3547 1089 3581 cnm
1109 3531 1249 3582 eunuchus
1271 3547 1385 3599 semper

239 3591 385 3659 ευνοιλχων
408 3611 486 3659 παρα
510 3591 631 3662 βασιλέϊ]
663 3599 681 3647 i.
698 3614 722 3647 e.
741 3602 785 3664 qni
833 3614 903 3648 unus
928 3614 961 3649 ex
986 3599 1085 3650 aulicis
1108 3599 1241 3649 ministris
1270 3599 1383 3650 altioris

239 3663 307 3711 inter
321 3665 406 3727 reptos
422 3664 546 3713 ennachos
562 3666 631 3715 λανδ
649 3667 783 3716 secandam
834 3666 889 3716 lool
918 3671 1000 3731 atque
1029 3667 1133 3718 ordinis
1161 3667 1200 3717 sit
1225 3667 1383 3719 habendus.

238 3729 344 3779 obtirnrr‘t
368 3734 454 3779 locam.
495 3730 549 3779 L'bi
572 3733 684 3782 attende
706 3734 784 3784 verbi
834 3735 907 3784 Hinc
921 3735 1005 3785 etiam
1024 3734 1201 3785 diiudicanda
1212 3740 1289 3794 snut,
1309 3750 1382 3801 quas

240 3796 322 3846 medii
339 3792 503 3862 (φέρεσθαι)
521 3799 588 3857 vim,
614 3815 694 3864 quam
717 3817 782 3851 ean·
834 3802 908 3862 VIII,
925 3801 972 3853 105
982 3802 1029 3853 fin.
1038 3802 1180 3868 leguntur:
1197 3797 1316 3853 πάντων
1325 3803 1384 3854 τόν

240 3863 301 3913 dem
310 3863 446 3914 Valcken.
458 3865 498 3926 (in
510 3871 566 3915 not.
578 3866 612 3915 ad
622 3867 724 3920 Herod.
734 3869 781 3932 lx,
835 3859 981 3935 εὐνούχων
1004 3861 1128 3937 ἐτιμήθη
1152 3866 1277 3935 μάλιστα
1300 3864 1383 3935 παρὰ

240 3929 283 3992 78)
296 3930 438 3983 observari
451 3932 509 3981 vult
524 3933 552 3982 in
565 3933 701 3985 similibus
713 3935 783 3986 locis
834 3931 943 4003 Ξέρξη,
960 3938 1007 3988 ubi
1026 3938 1063 3988 ci.
1080 3942 1150 3987 nott.
1191 3939 1234 3988 Do
1247 3939 1382 3990 Pedum·

240 3997 359 4047 Luoiani
368 3999 402 4048 V.
412 3999 483 4050 Hist.
495 4001 530 4052 Π.
545 3999 582 4049 18.
596 4002 702 4067 Ennap.
713 4005 783 4053 lam·
833 4004 902 4055 ribus
913 4005 968 4056 vid.
983 4005 1069 4056 allata
1082 4006 1117 4054 ad
1129 4005 1162 4064 V,
1177 4004 1233 4056 121.

239 4064 324 4114 blicb.
334 4082 360 4131 p.
370 4065 401 4114 21
415 4082 469 4131 s.p.
480 4066 507 4116 ll
518 4068 680 4120 Boissonad.
692 4070 783 4135 (quom
869 4066 909 4123 Oi
920 4065 953 4123 tl
965 4066 1114 4138 Πηδασέες
1126 4066 1252 4124 οἰκέουσι
1265 4090 1292 4124 κ.
1306 4090 1331 4125 τ.
1346 4074 1382 4141 1.]

240 4132 329 4197 ipsam
347 4133 419 4183 coni.
438 4136 466 4183 in
483 4140 575 4186 annot.
593 4153 618 4201 p.
641 4135 696 4186 175.
712 4136 781 4199 501),
835 4139 910 4200 „Hic
926 4140 1030 4191 tradita
1048 4138 1145 4205 [usqae
1161 4141 1302 4192 aiserba
1317 4158 1383 4209 cap.

240 4199 346 4250 Mosch.
364 4201 419 4263 III,
436 4202 478 4251 57.
501 4202 664 4253 Callimaoh.
683 4204 782 4269 Hymn.
837 4206 885 4256 105
897 4198 913 4257 ὁ
926 4198 1093 4274 Ἑρμότιμος
1104 4195 1267 4276 domolus]
1284 4213 1384 4276 spuria

240 4268 269 4317 in
281 4266 343 4318 Del.
355 4269 385 4317 4:
408 4269 506 4333 quibus
517 4271 719 4337 Wesselingins
736 4274 783 4323 ad·
834 4275 974 4325 ridentur:
988 4277 1111 4341 primam,
1125 4277 1196 4341 quod
1208 4277 1302 4327 insunt
1314 4294 1384 4330 non-

241 4334 281 4385 dit
292 4336 375 4387 Dion.
385 4335 464 4388 Cass.
472 4338 531 4388 XL.
540 4354 603 4404 pag.
617 4337 665 4389 130
675 4336 747 4406 [cap.
757 4342 781 4391 2.
834 4342 911 4392 nulla
929 4343 963 4393 ab
978 4344 1136 4394 Herodotea
1151 4345 1292 4395 scribendi
1304 4347 1383 4398 facie
