2900 5122
633 332 900 395 HERODOTI

195 345 258 408 280

196 517 481 603 Λακεδαιμονίους
508 509 808 598 συγκεκυρημένον.
844 501 913 594 ἥλω
944 503 1008 596 γὰρ
1034 504 1279 597 μαντευόμενος
1304 510 1338 577 ἐν

198 612 365 706 Ζακύνθῳ
384 607 438 682 ὑπ’
458 604 570 681 αὐτοῖν
588 613 643 680 καὶ
661 606 818 679 ἀπέθανε.
834 602 870 679 ‘0
886 610 948 698 μέν
965 637 1031 679 νυν
1048 604 1194 690 θάνατος
1211 602 1338 698 ὁἩγη

198 714 374 802 σιστροὲτου
397 710 539 802 ὕστερον
563 715 691 801 ἐγένετο
714 714 782 782 τοΞν
804 713 1033 780 Πλαταιικῶν·
1062 707 1135 780 τότε
1159 705 1192 780 d'
1218 713 1274 780 ἐπὶ
1295 714 1340 803 τῷ

195 814 334 909 Ἀσωιιῷ
356 821 542 907 Μαρδονίῳ
565 814 816 905 μεμισθωμένος
840 807 903 881 οὐκ
926 806 1043 901 ὀλίγον
1074 809 1193 883 ἐθύετό
1221 840 1259 883 τε
1287 815 1339 882 nal

198 919 424 1009 προεθυμέετο
443 913 525 986 κατά
542 943 577 987 τε
594 912 632 987 τὰ
650 923 748 1005 ἔχθος
766 911 802 984 τό
820 919 1097 1003 Λακεδαιμονίων
1119 916 1175 983 καὶ
1198 910 1283 984 κατὰ
1304 910 1340 984 ad

198 1023 333 1110 κέρδος

233 1177 265 1235 τὸ
287 1177 375 1247 ἔχθος
396 1176 428 1233 τὸ
450 1176 478 1243 ἒς
495 1181 744 1248 Λακεδαιμονίους

199 1243 456 1317 συγκεκυρημένον]
488 1252 615 1301 Vnriavit
643 1252 744 1301 oratio·

200 1337 262 1369 nem
273 1320 319 1381 IX,
328 1318 361 1369 3⁸
372 1320 497 1369 scribens
508 1311 539 1369 τὸ
551 1313 637 1384 ἔχθος
647 1314 678 1368 τὸ
688 1320 743 1367 Λα-

200 1384 401 1452 κεδαιμονίων.
437 1389 564 1437 Nostram
576 1387 666 1436 locum
678 1387 744 1436 Por-

201 1462 244 1505 tus
255 1455 358 1504 Latine
372 1455 501 1504 reddidit:
520 1456 603 1504 odium
614 1470 675 1504 caan
684 1455 741 1516 for·

199 1527 262 1572 tuito
274 1528 427 1585 auaeeptunr,
442 1522 512 1588 quod
525 1522 654 1587 probavit
665 1523 743 1571 Wes-

200 1590 348 1653 selingiue;
373 1605 462 1655 neque
486 1590 567 1640 aliter
589 1590 649 1639 iere
666 1589 744 1639 reddi

200 1657 288 1707 voluit
297 1657 440 1707 Reiskius:
454 1659 536 1708 odium
546 1672 692 1723 quocunque
700 1658 745 1706 de·

200 1742 262 1774 mum
278 1740 338 1774 οσον
355 1727 435 1789 ipsum
449 1728 517 1775 inter
533 1732 559 1775 et
573 1726 745 1776 Lacedaemo·

201 1795 257 1843 nior
286 1793 433 1855 confinium:
468 1792 746 1857 Schweighaeuserus

202 1862 259 1925 (qui
284 1860 351 1910 illud
372 1861 505 1924 fortuitum
528 1862 620 1923 urgeri
643 1860 745 1921 vetati:

203 1929 325 1989 ‚‚odium‚
345 1928 416 1993 quod
432 1928 473 1978 illi
486 1928 629 1978 acciderat
640 1944 662 1978 s.
677 1927 747 1993 quod

201 2011 268 2047 acce
290 1997 379 2046 erat.“
389 1997 422 2045 In
430 1996 533 2046 Lexioo
543 1996 700 2047 Herodoteo
710 1995 747 2045 11.

201 2064 252 2129 pu
298 2062 370 2112 idem
382 2064 592 2128 interpretatur:
611 2065 713 2125 „odium
721 2065 748 2111 in

200 2131 418 2180 Lacedaemonios
433 2131 613 2195 conceptam,“
633 2130 745 2191 addens,

202 2198 314 2263 passivi
336 2197 415 2246 verbi
441 2197 528 2248 formu
549 2197 668 2248 iudicari
692 2198 748 2247 ior·

201 2269 276 2315 tasse
288 2270 393 2314 mutuum
403 2267 497 2323 otiien,
510 2268 593 2316 odium
603 2268 671 2315 inter
683 2268 748 2315 illum

201 2340 226 2382 et
236 2334 454 2383 Lacedaemonios
466 2335 606 2399 confinium,
635 2335 658 2383 Ε
668 2333 749 2383 libris

201 2401 312 2465 scriptis
321 2401 390 2450 nihil
401 2400 521 2461 affertur,
535 2402 589 2451 uisi
599 2402 669 2467 quod
680 2401 747 2452 Sau-

203 2468 286 2519 croiti
300 2468 371 2518 liber
388 2469 474 2520 habet
486 2463 747 2534 συγκεχωρημένον,

202 2536 273 2601 quod
297 2551 380 2587 verae
405 2539 560 2603 scripturae
582 2540 747 2603 interpreta-

203 2610 321 2654 mentum
341 2620 402 2655 eaae
419 2612 495 2656 ratus
507 2605 569 2656 Eltz
586 2605 712 2669 (Jahrbb.
727 2604 747 2653 1.

202 2672 302 2723 Philol.
321 2672 414 2738 Suppl.
432 2673 493 2724 Vol.
506 2674 553 2724 111.
571 2691 597 2739 p.
611 2670 671 2736 uta)
690 2672 748 2737 legi

203 2735 749 2805 vultenysaapqptvovmtintelligantur

201 2808 355 2868 inimicitiae,
370 2823 434 2873 quae
444 2810 469 2858 ei
476 2825 530 2858 eum
539 2808 750 2859 Lacedaemoniis

202 2875 410 2931 intercedebani,·
433 2875 510 2925 addit
530 2876 603 2925 idem
625 2875 747 2925 Herodo-

202 2947 259 2991 tnm
271 2942 373 2992 dixiaae
385 2938 636 3004 συγκεράννυσθαι
649 2940 749 3005 φιλίας

204 3009 251 3069 lv,
268 3008 324 3058 152.
340 3009 400 3070 Vll,
416 3008 473 3059 151.
492 3011 573 3059 Hauc
586 3010 671 3059 Eltaii
685 3024 747 3059 cou-

204 3078 348 3133 iecturam,
362 3076 390 3125 in
404 3091 485 3140 quam
498 3076 598 3126 dudum
611 3082 695 3126 antea
708 3077 748 3126 iu·

205 3143 312 3193 eiderat
324 3143 461 3204 Reialriue‚
475 3144 747 3209 probavitDietsoh.‚

206 3211 251 3276 qni
268 3212 343 3275 priua
358 3210 494 3262 intactum
512 3210 663 3276 reliquerat
683 3225 748 3277 συγ-

205 3271 399 3344 κεκυρημένον
417 3281 471 3329 und
488 3295 549 3329 curn
565 3280 680 3345 reliquis
693 3280 749 3329 edi-

205 3347 318 3397 toribus.
353 3347 413 3398 Nee
437 3348 562 3413 equidem
587 3363 604 3397 a
628 3348 748 3398 lectione

203 3414 283 3465 libris
300 3416 412 3481 seriptis
429 3415 518 3466 allata
539 3415 683 3466 discedere
701 3430 748 3465 au·

205 3496 251 3531 sus
264 3498 331 3544 aum,
345 3486 508 3547 praesertim
522 3498 582 3534 eum
597 3486 750 3548 συγκυρεῖν

205 3550 244 3611 (in
258 3550 361 3613 activo)
374 3551 408 3600 de
421 3552 469 3611 iia,
488 3567 559 3616 quaa
571 3553 689 3602 occidunt
702 3554 750 3600 aut

204 3619 363 3682 eoniinquni,
387 3634 403 3667 a
420 3619 519 3669 Nostro
537 3618 682 3683 aliquoties
700 3618 747 3668 ad·

204 3684 293 3734 hiberi
306 3684 413 3734 videam
427 3685 464 3748 (1,
481 3685 536 3736 lle.
549 3687 629 3747 Vlll,
643 3686 684 3735 87.
698 3687 746 3747 IX,

203 3751 250 3812 9ος
270 3751 349 3817 plura
362 3753 407 3818 qui
420 3753 565 3815 desideret,
581 3754 665 3804 adeat
676 3754 747 3804 The·

204 3834 278 3869 saur.
295 3820 376 3886 Ling.
395 3820 493 3872 Graec.
510 3821 570 3871 VII.
589 3839 614 3887 p.
631 3820 682 3871 tut
704 3821 746 3871 ed.

204 3886 356 3949 Dindori.):
371 3888 440 3938 adeo
453 3892 484 3937 ut
498 3889 586 3939 omnia
597 3888 749 3939 difficultas

204 3954 371 4020 inpunite,
390 3955 461 4020 quod
477 3955 530 4005 hoe
548 3955 609 4006 loco
622 3956 750 4006 adhibuit

205 4022 303 4071 Noster
316 4022 412 4072 eodem
425 4038 515 4083 seusu,
530 4038 582 4087 quo
596 4023 667 4073 alias
680 4024 749 4073 acti·

204 4103 281 4150 vum,
305 4089 359 4139 sita
379 4090 515 4140 rideatur.
551 4091 616 4155 ipsa
638 4095 749 4141 senteu-

205 4158 245 4207 tia
263 4156 309 4207 vix
324 4156 421 4205 dubia:
447 4157 511 4207 inde
532 4158 658 4222 equidem
676 4158 749 4210 huno

206 4225 265 4275 iere
281 4224 365 4275 totius
382 4223 437 4274 loci
454 4239 564 4275 sensum
582 4241 643 4277 esse
661 4227 749 4277 eredi-

205 4293 304 4343 derim:
324 4292 413 4358 Neque
429 4299 512 4344 tumen
529 4298 555 4344 ei
564 4295 601 4345 ad
611 4302 750 4345 extremum

795 1199 873 1249 araque
886 1180 978 1244 (bene)
991 1185 1067 1231 ceseii
1078 1182 1216 1241 inimicitia,
1230 1183 1258 1231 in
1270 1197 1341 1247 quon

795 1252 921 1301 inciderat
944 1267 998 1301 cnm
1020 1250 1239 1300 Lacedaemoniis.
1276 1249 1340 1300 Ver·

796 1319 860 1369 hum
877 1310 1027 1384 συνήνεικε
1047 1333 1102 1367 uon
1120 1317 1203 1368 aliter
1220 1318 1281 1367 iera
1294 1317 1339 1367 ad·

795 1386 905 1437 hibetur
916 1387 998 1447 vul,
1011 1384 1053 1435 87.

829 1443 999 1518 ἧλωγὰρ-
1013 1444 1044 1504 ἐν
1058 1447 1204 1514 Ζακύνθῳ
1228 1453 1290 1502 Ηοσ
1304 1453 1342 1502 ia-

796 1527 869 1572 ctum
881 1537 941 1571 esse
952 1521 1067 1571 coniicit
1076 1519 1185 1571 Schoell
1210 1521 1247 1570 ei.
1259 1523 1341 1570 etiam

795 1588 931 1655 Philolog.
940 1590 987 1638 IX.
1001 1605 1028 1653 p.
1043 1587 1109 1649 198),
1123 1586 1292 1639 vernaculus
1302 1589 1341 1638 iu·

797 1664 917 1722 impres,
942 1656 1064 1706 secunda
1087 1656 1155 1706 belli
1171 1655 1342 1720 Peloponne-

797 1726 868 1775 siaci
880 1729 989 1775 aestate
1007 1724 1038 1784 (a.
1052 1723 1095 1773 01.
1107 1722 1270 1781 Lxxxvn,
1281 1723 1306 1774 t.
1317 1739 1343 1773 ι.

798 1792 860 1841 Chr.
875 1808 901 1841 n.
915 1791 990 1854 430),
1005 1808 1059 1856 qua
1069 1792 1289 1841 Lacedaemonii
1305 1792 1343 1840 in·

799 1860 952 1910 cursiouem
970 1859 1097 1909 iecerunt
1108 1859 1137 1909 iu
1149 1857 1287 1922 Zacynthi
1304 1859 1343 1908 in-

798 1928 895 1987 sulam,
909 1928 964 1977 iam
978 1932 1071 1990 autea,
1083 1933 1114 1976 ut
1125 1926 1249 1986 ridetur,
1264 1926 1344 1991 Spar·

799 2002 845 2046 tae
857 1996 1004 2057 intensam,
1016 1996 1040 2044 si
1050 1995 1158 2059 quidem
1167 1995 1344 2056 Demaratus,

799 2064 995 2129 Spartanorum
1014 2062 1104 2122 exsul,
1128 2077 1162 2112 eo
1181 2061 1298 2126 primum
1314 2078 1344 2113 σο

800 2129 928 2191 contulit,
941 2135 1013 2180 teste
1024 2129 1165 2180 Herodoto
1176 2130 1230 2189 Vi,
1243 2128 1286 2179 70.
1310 2130 1345 2180 At

798 2204 856 2249 tum
885 2197 1107 2264 Hegesistretum
1136 2198 1344 2261 octogenarium

800 2271 876 2316 certe
894 2281 989 2315 senem
1006 2265 1092 2315 luisse
1107 2271 1216 2315 statuas
1228 2280 1344 2315 necasse
1442 2282 1443 2307 ι

801 2335 863 2384 erit.
894 2334 992 2398 ltaque
1006 2333 1066 2400 ipse
1079 2331 1198 2383 Schoell.
1213 2332 1246 2381 de
1260 2333 1347 2397 priori
1443 2348 1444 2373 ι

800 2401 915 2467 quodam
940 2400 1014 2451 bello
1043 2400 1121 2450 uobis
1150 2415 1204 2450 uon
1232 2402 1345 2465 cognito

800 2471 916 2519 iorsitau
934 2468 980 2518 hic
994 2468 1169 2535 cogitandum
1184 2483 1245 2518 esse
1259 2468 1344 2518 addit
1444 2450 1445 2487 5

799 2539 878 2600 Quod
896 2536 1017 2594 additum,
1040 2531 1090 2586 κα1
1110 2524 1262 2598 delean,
1285 2552 1344 2586 eum

799 2605 1064 2670 Schweighaeusero
1077 2603 1255 2654 reddiderim:
1270 2611 1346 2670 atque

800 2672 828 2733 (a
840 2671 997 2738 Spartanis)
1009 2673 1159 2735 interfectae
1171 2678 1219 2722 eti.
1241 2671 1347 2722 Eodem

800 2756 882 2791 aenan
905 2730 1039 2791 ἀπέθανε
1066 2739 1169 2804 legitur
1197 2739 1271 2804 apud
1294 2740 1346 2789 No

800 2812 885 2859 strum
897 2808 957 2868 vn,
973 2806 1029 2858 154.
1042 2808 1090 2869 IX,
1104 2807 1150 2865 75,
1170 2811 1199 2857 et
1210 2806 1268 2857 vid.
1280 2823 1345 2872 quo·

799 2874 1346 3007 uetutttutuutuu

800 3017 869 3061 nott.
900 3011 998 3076 ltaque
1012 3012 1096 3061 etiam
1109 3011 1161 3069 lx,
1176 3008 1225 3060 116
1243 3011 1272 3060 iu
1288 3027 1346 3062 ror·

799 3080 844 3129 bis
858 3076 942 3143 δίκης
954 3070 1079 3144 κυρήσας
1091 3070 1257 3129 duritieve
1271 3079 1345 3143 equi·

800 3147 862 3197 dem
886 3145 1025 3212 intelligo:
1055 3149 1166 3206 eccum,
1195 3148 1347 3209 interfectus

800 3221 853 3269 eat:
871 3215 991 3279 itemque
1008 3214 1060 3275 IX,
1078 3212 1139 3263 llll:
1157 3208 1188 3264 ol
1223 3204 1345 3265 1νᾶπὲ-

800 3282 929 3342 cavae,
957 3276 987 3332 oi
1011 3275 1043 3331 di
1064 3280 1165 3343 ζῶντες
1206 3274 1346 3347 λάμφθη-

801 3363 862 3400 σαν.
898 3349 983 3399 Teste
1005 3349 1165 3411 Thucydide
1187 3349 1214 3409 1,
1236 3348 1271 3398 20
1291 3348 1347 3429 ple·

801 3418 876 3480 rique
901 3421 1037 3476 statuunt,
1068 3416 1258 3482 Hipparchum
1287 3407 1346 3481 σφ’

797 3476 946 3548 Ἁρμοδίου
955 3481 1005 3534 uui
1016 3476 1248 3549 Ἀριστογείτονος
1259 3477 1347 3535 ἄιο-

801 3552 939 3603 θανεῖν.

831 3614 1049 3684 μεμισθωμένος
1070 3613 1123 3670 oda
1144 3610 1256 3685 ὀλίγον]
1283 3621 1302 3669 i.
1322 3637 1348 3670 e.

798 3688 914 3737 mercede
929 3688 999 3737 haud
1014 3690 1108 3769 emique
1119 3688 1267 3739 condemur.
1304 3688 1348 3737 Iu·

800 3754 912 3820 telligas
921 3753 1154 3820 1ἰοο1τιμηματος
1167 3746 1346 3819 ο.α’ργυριόυ,

800 3822 833 3872 de
880 3823 958 3872 ovid.
967 3823 1106 3874 Lambert
1113 3823 1227 3873 Bos.De
1239 3822 1347 3889 ellipss.

799 3890 832 3939 L.
870 3906 890 3939 r.
901 3906 927 3955 p.
939 3888 973 3940 tu
983 3906 1040 3955 seq.
1053 3890 1104 3941 473
1113 3906 1170 3955 seq.
1182 3890 1222 3940 ed.
1231 3890 1347 3941 Sohaei.

801 3984 832 3993 —
855 3956 1006 4007 Articulum
1027 3957 1066 4021 uqi
1086 3963 1152 4008 anta
1172 3956 1346 4022 Μαρδονίῳ,

801 4040 879 4089 quem
892 4030 1002 4075 tuentur
1014 4026 1193 4085 Schaeierua,
1208 4026 1346 4075 Matthiae

800 4097 829 4143 et
840 4092 998 4154 Belrkerus,
1017 4093 1145 4160 equidem
1157 4107 1219 4143 eum
1232 4092 1347 4159 reliquis

801 4160 903 4217 abieci.
917 4159 1071 4212 Florentini
1084 4161 1255 4225 aliorumque
1266 4160 1346 4212 codd.

802 4228 968 4278 auctoritate
982 4229 1076 4279 fretus.

836 4286 940 4347 ἐθύετό
956 4311 987 4346 τε
1004 4293 1054 4347 καὶ
1072 4288 1280 4362 προεθυμέετο]
1305 4296 1347 4346 Ad
