2866 5134
234 382 296 443 416
645 377 960 440 ΟΟΜΜΕΝΤΑΤΙΟ

233 569 261 624 p.
279 551 330 602 700
356 549 399 602 ed.
417 550 530 619 noctu),
556 550 625 619 sive,
648 548 721 620 quod
747 554 822 603 certe
842 550 933 603 miuus
956 550 1088 619 oli'eudit,
1103 551 1194 622 paucis
1206 552 1278 605 suuis
1290 558 1341 605 aute

233 634 334 687 cladem
360 634 530 689 Siciliensem
555 637 671 688 habitam
688 651 804 687 censeas
828 652 889 688 oum
903 635 1072 704 Lahmeyero
1092 637 1125 707 (l.
1149 636 1167 688 l.
1182 655 1207 707 p.
1224 637 1273 704 10),
1294 654 1342 689 cua
1413 642 1414 659 ¹

233 719 393 773 Herodotus
407 719 522 773 Thuriis
536 722 589 774 iter
604 720 725 773 Athenas
738 719 854 772 fecisset
866 719 937 790 (vid.
951 728 1021 773 nott.
1038 721 1071 774 sd
1082 721 1115 790 V,
1130 726 1184 794 77).
1210 722 1341 784 Quassus

231 803 271 856 ita
282 804 347 872 sint,
358 804 445 858 malim
457 806 553 876 utique
566 803 718 859 Eusebium
737 804 832 873 sequi,
849 820 928 875 quem
945 806 1060 859 cundem
1074 822 1182 876 quoque
1196 814 1297 860 secutus
1308 814 1343 858 est

232 887 386 942 Schoellius
395 890 413 943 l.
422 891 439 944 l.
452 908 515 961 pag.
523 892 660 945 417—423
672 887 798 958 pluribus
805 889 840 941 de
852 889 901 942 hac
913 890 1195 960 recitationeeIusque
1205 896 1342 959 argumento

232 973 394 1044 disputans,
421 975 581 1046 praesertim
606 991 665 1027 cum
685 991 756 1044 quoe
774 973 884 1041 Diyllus
900 982 1009 1045 narrat,
1031 975 1139 1029 dubiam
1160 976 1234 1028 fidem
1248 974 1344 1027 habesrn

233 1060 376 1129 omnisque
400 1061 466 1114 haec
488 1078 534 1113 res
555 1055 585 1115 ἐκ
610 1060 659 1130 τῆς
673 1056 895 1128 κατεψευσμένης
923 1055 1042 1129 [στορίας
1065 1068 1175 1130 arrepta
1197 1075 1343 1130 prorsusque

232 1144 297 1196 fictu
308 1144 444 1214 videatur,
461 1145 567 1199 Cobeto
583 1144 674 1199 iudice
688 1143 716 1196 in
732 1142 906 1211 Mnemosyu.
923 1144 987 1200 VII.
1000 1163 1028 1215 p.
1045 1147 1107 1200 268.

316 1261 369 1314 His
393 1261 601 1315 recitationibus
624 1260 706 1314 tertie
731 1260 799 1314 adeo
825 1261 950 1329 accedet,
974 1261 998 1313 si
1014 1261 1176 1332 respicimus
1189 1278 1233 1329 ea,
1248 1276 1309 1331 quse
1322 1259 1343 1310 iu

233 1346 357 1398 cretione
369 1346 553 1415 Corinthiaca,
569 1364 640 1418 quae
654 1345 737 1398 Dioni
752 1344 950 1413 Chrysostomo
965 1346 1048 1414 vulgo
1064 1347 1198 1401 tribuitur
1210 1354 1237 1399 et
1248 1347 1274 1398 in
1289 1345 1345 1397 eine

232 1430 292 1483 dem
316 1431 456 1484 orationes
479 1440 590 1502 recepta
615 1439 658 1485 est
683 1435 743 1503 (nr.
757 1428 907 1499 XXXVII),
928 1430 1060 1500 leguntur
1075 1436 1101 1497 ς.
1117 1437 1144 1485 7.
1162 1450 1222 1502 pag,
1241 1433 1287 1483 450
1300 1429 1346 1480 sire

232 1534 263 1596 p,
278 1518 326 1570 103
340 1515 452 1568 Reislt.:
480 1506 533 1586 ἦιιε
557 1513 588 1571 dl
612 1514 661 1570 sul
673 1508 824 1584 Ἡρόδοτος
845 1508 860 1568 ὁ
878 1510 1025 1584 λογοποιὸς
1046 1517 1120 1587 (scil.
1137 1514 1301 1581 Corinthun)
1319 1506 1347 1572 ir

230 1594 303 1669 siquis
317 1594 417 1668 λόγους
433 1598 524 1671 φέρων
533 1595 711 1671 Ἑλληνικοὺς
725 1594 825 1661 ἄλλους
838 1617 867 1653 τε
882 1598 930 1653 sul
942 1603 1114 1670 Κορινθίως
1128 1594 1234 1656 οὐδέπω
1245 1600 1350 1668 qscdslc,

231 1678 302 1739 ἄνθ’
326 1675 367 1739 ὧν
392 1679 473 1755 ἠξίου
487 1680 564 1755 παρὰ
589 1688 639 1757 τῆς
654 1681 760 1747 πόλεως
783 1678 889 1753 μισθὸν
914 1677 1072 1755 ἄρνυσθαι·
1092 1680 1287 1756 διαμαρτῶνδὲ
1310 1678 1348 1735 sul
1413 1730 1414 1759 ,

232 1765 334 1825 τούτου
358 1764 404 1839 (osi
425 1766 477 1841 γὰρ
493 1767 591 1841 ἠξίουν
612 1768 641 1824 οἱ
652 1764 775 1840 ὑμέτεροι
789 1764 923 1838 πρόγονοι
938 1765 1025 1837 δόξαν
1039 1763 1196 1840 ἀγοράζειν)
1210 1762 1348 1840 personia-

231 1872 279 1910 σεν
293 1850 394 1927 ἐκεῖνα,
412 1848 431 1910 ἃ
445 1851 548 1918 πάντες
566 1851 746 1926 ἐπιστάμεθα,
762 1848 797 1908 τοὶ
811 1852 875 1923 περὶ
891 1849 944 1924 τὴν
958 1858 1106 1924 Σαλαμῖνα
1119 1855 1169 1910 sul
1183 1850 1349 1923 richersper-

229 1959 294 1996 coo:
317 1957 388 2009 quse
406 1942 503 2007 verbs,
525 1942 599 2013 quod
623 1941 656 1994 ed
679 1938 839 1992 Corinthios
866 1940 964 1993 attinet
985 1941 1156 2013 animumque
1179 1936 1348 2010 scriptorisin
1413 1976 1414 1981 ,

232 2025 392 2078 Corinthios
409 2044 461 2079 non
479 2025 646 2093 malevolum,
663 2027 715 2077 iam
730 2023 907 2077 tractavimus
922 2025 950 2076 in
968 2033 1037 2078 nott.
1054 2025 1087 2078 ad
1100 2025 1177 2091 VIII,
1192 2029 1235 2079 04.
1263 2022 1349 2076 Etenim

232 2109 336 2182 siquid
354 2111 411 2162 veri
426 2112 537 2175 subest,
559 2111 625 2163 haec
644 2111 726 2164 verbs
743 2108 770 2161 id
791 2115 866 2161 certe
887 2108 1000 2176 docent,
1016 2110 1187 2163 Herodotum
1202 2110 1290 2163 eodem
1306 2108 1349 2160 lere

231 2195 318 2262 modo,
334 2211 388 2264 quo
406 2194 550 2266 Olympiae
565 2202 648 2266 etque
665 2193 789 2260 Athenis,
807 2195 926 2248 Corinthi
938 2210 1049 2264 quoque
1071 2195 1246 2249 historiarum
1259 2200 1350 2265 parton,

232 2278 437 2332 Corinthiorum
453 2280 479 2332 in
495 2280 626 2348 gretiam,
654 2279 755 2350 quibus
784 2296 854 2349 opus
879 2295 958 2332 suum
974 2279 1150 2333 innotescere
1172 2279 1271 2343 voluit,
1289 2294 1349 2347 proo-
1413 2302 1414 2313 2

233 2362 353 2434 legisse3
383 2365 532 2437 codemque
561 2372 687 2435 spectare
713 2364 843 2416 videntur
865 2364 950 2417 verbu
977 2363 1093 2416 Luciani
1117 2381 1205 2435 supro
1226 2353 1348 2415 allstszsi

230 2445 281 2519 μὲν
301 2437 353 2504 οὖν
373 2450 590 2518 περινοστοῦντα
603 2451 655 2504 νῦν
672 2444 722 2518 μὲν
736 2443 937 2518 Ἀθηναίοις
956 2449 1009 2503 νῦν
1026 2444 1056 2501 dl
1077 2450 1287 2518 Κορινθίοις
1300 2438 1349 2499 bs

231 2531 396 2604 γιγνώσκειν
423 2526 442 2604 ἦ
465 2529 594 2605 Ἀργείοις
617 2526 637 2605 ἢ
666 2534 897 2603 Λακεδαιμονίοις
920 2528 959 2591 ,ἐν
991 2535 1030 2607 τῷ
1059 2531 1149 2604 μέρει,
1179 2529 1291 2603 ἐργῶδες
1315 2524 1350 2584 sol
1413 2542 1414 2547 ’

230 2615 337 2690 μακρὸν
359 2614 453 2690 ἡγεῖτο
478 2616 566 2675 rivus:
585 2636 746 2690 quemquam
774 2636 824 2671 nec
852 2618 886 2670 de
915 2626 1051 2688 tempore,
1075 2635 1131 2689 qno
1160 2619 1226 2671 hsec
1249 2613 1350 2671 recitatio

231 2707 303 2758 lecta
315 2712 367 2772 est,
384 2722 473 2776 neque
484 2705 518 2759 de
529 2710 689 2774 argumento
705 2703 765 2756 eius
780 2703 927 2773 quidquam
941 2704 1009 2757 certi
1020 2710 1140 2757 consum.
1157 2704 1202 2756 Tu
1219 2701 1350 2765 coutiiey·

232 2791 302 2843 sium
319 2790 336 2844 l.
352 2789 369 2845 1,
387 2808 451 2859 pag.
467 2792 501 2845 b8
524 2808 583 2861 seq.
599 2798 627 2843 et
641 2806 711 2860 quse
725 2787 805 2858 plora
816 2794 1005 2858 exposuerunt
1019 2788 1175 2856 Lahmeyer
1189 2787 1208 2842 1.
1226 2788 1244 2840 l.
1259 2803 1313 2858 pag.
1328 2783 1350 2834 ll
1413 2844 1414 2849 ¹

232 2892 291 2946 seq.
313 2881 341 2928 et
355 2875 507 2929 Schoellius
523 2874 540 2926 l.
557 2874 574 2926 Ι.
591 2893 618 2944 p.
639 2878 691 2932 424
706 2891 765 2944 seq.
795 2872 885 2943 Atque
905 2873 968 2926 aliis
990 2890 1101 2945 quoque
1123 2873 1193 2926 locis
1214 2892 1262 2944 per
1281 2872 1351 2923 Grae·

231 2959 298 3012 cium
329 2959 460 3012 recitasse
490 2959 659 3012 Herodotum
693 2957 765 3010 haud
788 2958 920 3011 absonum
947 2958 1001 3011 erit
1027 2966 1153 3011 statuere
1178 2954 1229 3032 (cs.
1256 2950 1349 3009 Schoell.
1413 2992 1414 3029 3

232 3044 249 3097 l.
265 3044 298 3113 1.)
324 3045 468 3114 ipsumque
483 3043 600 3097 Luciuni
625 3043 712 3097 locum
733 3042 751 3094 l.
777 3043 841 3113 quis
861 3044 964 3096 afferre
988 3042 1078 3113 possit
1099 3048 1349 3097 commonstrantes

232 3146 322 3183 corsm
347 3127 459 3198 Argiuis
484 3134 512 3181 et
525 3127 747 3182 Lacedaemoniis
768 3127 901 3181 recitasse
916 3128 1063 3180 Nostrum:
1084 3127 1119 3181 de
1135 3146 1192 3199 que
1205 3147 1237 3182 re
1250 3122 1347 3198 equideu

233 3215 301 3268 certi
319 3213 386 3268 nihil
399 3213 589 3267 affirmaverim
604 3221 717 3267 secutus
733 3212 930 3280 Lahmeyerum
944 3231 972 3282 p.
991 3217 1035 3266 21.
1057 3212 1135 3275 Quin
1155 3215 1250 3268 Thebis
1263 3220 1346 3282 quoqtt

232 3299 365 3353 Nostrum
393 3300 526 3353 recitasse
561 3298 712 3370 suspiceris
736 3314 750 3349 e
780 3297 920 3351 Plutarchi
945 3297 1005 3351 loco
1031 3297 1073 3350 De
1100 3297 1209 3352 Herod.
1240 3290 1349 3361 maligall»

233 3402 291 3456 cap.
306 3388 350 3452 31,
368 3385 421 3438 nisi
446 3386 512 3437 haec
531 3389 589 3437 tots
612 3383 765 3437 narratioa
785 3382 950 3452 posterioris
970 3382 1069 3436 aetatis
1091 3382 1267 3450 grammatico
1285 3375 1347 3431 mele

1413 2896 1415 2985 l

232 3469 294 3522 volo
309 3471 373 3523 lictu
388 3477 445 3541 est,
467 3486 547 3541 quam
565 3484 765 3540 usquequaque
783 3485 876 3521 verum
898 3486 960 3521 esse
975 3468 1021 3520 vix
1043 3467 1106 3520 mihi
1122 3468 1351 3538 persuadereque
1413 3488 1414 3491 ¹

233 3571 301 3609 sum.
334 3554 417 3609 Conl.
432 3556 526 3625 Heyse
541 3573 569 3626 p.
585 3558 619 3609 00
635 3572 693 3625 seq.

770 3778 795 3841 S.
812 3777 839 3829 5.

316 3943 346 3999 Si
368 3946 454 4015 igitur
473 3944 552 4001 brevi
571 3951 635 3999 ante
653 3962 754 4000 aunum
768 3950 818 3999 444
835 3962 859 3998 e.
877 3942 942 3997 cur.
960 3962 987 3997 n.
1008 3960 1032 3996 s.
1056 3941 1167 4015 Olymp.
1189 3933 1349 3999 sumti
1413 3922 1414 3957 ί

234 4032 377 4102 Olympiae
401 4040 429 4084 et
444 4049 515 4084 anno
531 4034 583 4084 440
601 4050 624 4083 s.
641 4034 692 4085 445
706 4030 830 4101 (Olymp.
846 4029 996 4096 LXXXIII,
1016 4031 1033 4083 3
1049 4048 1073 4081 s.
1089 4032 1120 4095 4)
1141 4027 1256 4082 Athenis
1270 4021 1351 4078 cecili·

233 4118 275 4171 vit
288 4117 457 4184 Herodotus,
485 4115 558 4169 illum
584 4116 635 4168 hoc
661 4124 783 4186 tempore
806 4116 834 4168 in
853 4114 971 4168 Graecia
996 4114 1056 4184 ipss
1071 4120 1258 4168 commoratum
1278 4106 1351 4161 luisse

234 4210 351 4273 oportet,
367 4217 509 4255 reversum
524 4220 556 4253 ex
568 4201 714 4255 itineribus
730 4201 900 4270 longinquis.
933 4200 1033 4272 Neque
1048 4217 1115 4253 vero
1132 4216 1188 4252 unc
1203 4196 1350 4250 Athenml

234 4287 293 4341 loco
319 4288 393 4341 illum
414 4292 603 4339 commoratum
623 4304 686 4340 esse
706 4285 836 4339 credibile
858 4285 906 4351 lit,
932 4284 981 4338 sed
1003 4283 1124 4355 reliquas
1140 4283 1221 4337 etism
1235 4274 1351 4332 Greeu'tt
1413 4290 1414 4371 q

234 4381 328 4442 partes
342 4389 507 4445 peragrasse
526 4371 634 4425 videtur
654 4370 784 4424 historiae
802 4368 989 4442 perficiundse
1007 4385 1091 4422 cause
1110 4385 1200 4439 usque
1214 4365 1248 4420 sd
1266 4372 1350 4416 sunu!
