2866 5134
324 387 382 445 DE
405 386 510 445 VITA
529 386 587 444 ΕΤ
610 384 804 444 SORIP'PIS
823 383 1059 444 HERODOTI.
1200 387 1262 448 449

122 556 231 608 ductam
242 573 305 609 esse
320 571 377 608 eam
392 555 539 621 notionem,
556 573 635 626 quam
647 574 697 626 per
710 555 845 609 Herodoti
861 555 946 609 libros
966 573 1084 625 regnare
1098 557 1177 609 modo
1193 557 1262 609 dixi·

120 658 191 707 mus,
218 645 250 695 de
269 643 458 695 &uinameute
473 648 556 711 atque
573 641 743 696 invidiosive
761 643 887 707 niudiau,
914 641 1189 694 traditEustathins:
1216 642 1262 712 qui

121 743 186 778 num
208 733 282 778 recte
300 732 405 779 statuat
422 742 524 794 necne,
549 726 678 796 deinceps
694 725 924 795 intelligetur*);
952 744 1003 779 nos
1024 726 1051 778 in
1071 736 1194 780 naturam
1214 744 1262 796 po-

118 811 179 863 tius
199 817 284 881 atque
306 810 357 864 rim
379 811 461 863 huius
481 810 591 864 divinae
616 811 715 865 mentis
738 812 824 864 omnia
849 811 1013 863 moderantis
1037 818 1064 863 et
1082 812 1206 881 regentis
1221 813 1261 863 in-

119 893 273 965 quiramus,
289 912 344 967 quo
359 895 439 948 simul
456 895 607 949 Herodotei
623 896 715 966 operis
731 896 800 948 ratio
816 896 912 949 melius
925 896 1004 948 nobis
1020 903 1145 965 patescat
1159 897 1263 966 ipsius-

119 980 336 1049 quescriptoris
363 980 506 1033 consilium
530 981 558 1033 in
586 982 700 1034 historia
718 981 864 1034 scribenda
879 980 1047 1033 luculentius
1068 982 1262 1052 perspiciatur.

117 1065 162 1117 De
185 1065 241 1117 diis
262 1064 345 1132 uulgo
367 1064 485 1135 receptis
506 1065 572 1137 quid
593 1066 714 1119 senserit
731 1074 811 1134 pater
833 1065 980 1130 historiae,
1003 1084 1058 1117 non
1073 1066 1113 1118 ita
1126 1066 1262 1131 enuntiat,

119 1167 184 1202 cum
206 1150 252 1219 pis
274 1151 429 1203 reverentii
453 1150 605 1219 ductus**)
629 1151 694 1203 talia
709 1150 798 1203 celare
814 1151 904 1203 mallet
918 1167 998 1220 quam
1013 1158 1115 1203 temere
1129 1152 1158 1203 in
1174 1150 1264 1220 publi·

120 1251 183 1287 curn
198 1234 332 1305 prodere3
350 1235 470 1305 indeque
484 1236 563 1289 etiarn
579 1254 609 1288 ea
625 1237 724 1288 efferre
741 1235 839 1302 noluit,
861 1252 931 1305 quae
949 1236 1141 1302 mysteriorum
1162 1236 1263 1288 doctri·

122 1335 176 1372 nae
192 1320 328 1372 initiatum
343 1320 437 1373 sanior
452 1326 534 1390 atque
549 1320 645 1390 purior
657 1321 727 1372 ratio
742 1321 883 1373 docuerat.
917 1321 1087 1390 Quamquam
1102 1338 1188 1391 supra
1204 1320 1263 1373 vul·

118 1421 177 1472 gus
203 1403 279 1456 illum
307 1404 435 1474 sapuisse
459 1413 487 1458 et
507 1405 590 1457 altius
607 1405 673 1475 quid
687 1421 781 1458 secum
799 1405 942 1472 statuisse,
960 1405 1063 1475 liquido
1080 1424 1113 1459 ex
1127 1407 1163 1457 iis
1177 1412 1264 1475 patet,

118 1504 195 1558 quse
213 1506 298 1559 supra
315 1490 367 1542 iam
384 1489 465 1542 attuli
481 1491 514 1542 de
530 1491 590 1544 eius
606 1489 709 1557 studio,
727 1508 773 1543 res
787 1490 870 1543 miras
893 1490 1057 1559 eanquue
1078 1491 1184 1543 minime
1206 1508 1264 1542 cre·

116 1573 240 1641 dibiles,
270 1591 365 1627 cuma
392 1582 491 1627 natura
508 1592 599 1628 rerum
621 1592 738 1644 prorsus
767 1576 961 1641 abhorrerent,
993 1575 1027 1627 ad
1050 1576 1092 1643 id,
1122 1576 1196 1644 quod
1217 1593 1263 1626 ve-

116 1676 183 1711 rum
201 1666 260 1725 est,
291 1660 439 1713 revocandi
463 1667 547 1730 atque
569 1679 584 1713 e
609 1659 727 1712 naturali
746 1678 838 1713 rerum
865 1677 949 1713 cursu
974 1660 1137 1730 explicandi.
1175 1659 1265 1728 Atque

115 1744 176 1796 huc
198 1744 277 1797 etiam
303 1746 408 1798 reterre
436 1746 528 1813 possis
549 1746 576 1813 I,
602 1747 667 1810 131,
700 1745 747 1796 ubi
767 1745 887 1811 Persas,
916 1744 996 1797 aliter
1026 1751 1110 1814 atque
1139 1747 1265 1814 Graecos,

112 1823 211 1890 θεοὺς
224 1821 449 1898 ἀνθρωποφυέας
464 1831 597 1883 statuisse
610 1836 702 1897 negat,
719 1848 752 1881 eo
768 1831 829 1899 ipso
846 1830 987 1895 indicans,
1011 1831 1179 1882 Graecorum
1201 1828 1265 1881 deo-

115 1930 182 1967 rum
205 1914 287 1982 vulgo
306 1922 477 1984 receptorum
500 1922 624 1968 naturam
648 1914 702 1966 sibi
723 1916 793 1967 bene
810 1934 873 1968 esse
887 1914 1034 1981 cognitam.
1068 1915 1145 1967 Adde
1161 1915 1198 1979 ll,
1217 1916 1265 1967 53:

115 1995 207 2052 ἔνθεν
229 1995 259 2052 δὲ
279 1995 384 2067 ἐγένετο
406 1995 519 2061 ἕκαστος
539 2001 595 2053 τῶν
608 2000 700 2070 θεῶν,
721 2000 751 2053 εἴ
761 2018 790 2054 τε
803 1993 831 2053 δ’
848 1997 904 2054 αἰεὶ
916 1989 988 2069 ἦσαν
999 1994 1116 2071 πάντες,
1136 1992 1229 2052 ὁκοῖοί
1239 1994 1268 2050 τέ

115 2102 195 2145 τινες
220 2078 256 2137 ad
281 2085 371 2154 eldaa,
398 2076 450 2138 otia
475 2077 623 2156 ἠπιστέατο
637 2081 714 2153 μέχρι
729 2074 763 2140 οὗ
780 2079 878 2155 πρώην
898 2103 927 2138 τε
947 2082 996 2138 καὶ
1016 2080 1095 2155 χθές,
1116 2076 1153 2146 ὡς
1178 2081 1267 2138 εἰπεῖν

116 2164 211 2241 λόγῳ,
239 2178 267 2221 et
291 2169 460 2239 potissimum
486 2188 532 2238 ea,
560 2188 631 2240 quae
651 2169 685 2223 de
701 2172 833 2240 Neptuno
855 2171 969 2223 disserit
987 2170 1048 2236 Vll,
1070 2172 1129 2235 129,
1148 2169 1194 2221 ubi
1211 2168 1265 2221 vid.

117 2263 194 2306 nott.
219 2253 255 2305 T.
269 2254 321 2305 lll.
344 2274 372 2324 p.
389 2257 450 2321 636,
471 2256 572 2324 quibus
594 2255 673 2321 adde,
697 2273 768 2325 quae
787 2255 918 2323 leguntur
938 2254 1000 2321 Vll,
1025 2257 1073 2309 133
1089 2255 1116 2307 in
1137 2255 1185 2307 lin.
1206 2253 1268 2321 (ubi

117 2339 178 2392 vid.
195 2345 265 2390 nott.
281 2357 308 2408 p.
324 2340 390 2407 637)
405 2347 433 2392 et
456 2344 505 2395 137
520 2340 583 2411 (ubi
598 2340 653 2391 vid.
668 2348 738 2392 nott.
756 2359 782 2410 p.
798 2345 862 2412 642)
879 2347 908 2392 et
919 2342 968 2394 1811
982 2339 1051 2406 (vid.
1064 2347 1134 2392 nott.
1150 2358 1176 2409 p.
1189 2338 1265 2405 738).

122 2424 201 2487 Vlll,
227 2424 255 2476 8.
276 2428 320 2490 77,
343 2424 390 2476 ubi
416 2426 451 2477 cl.
476 2431 546 2479 nott.
574 2425 648 2477 Hinc
669 2442 780 2496 quoque
806 2425 851 2493 tx,
874 2428 908 2479 65
930 2425 979 2477 hu.
1002 2421 1089 2478 δοκέω
1114 2420 1152 2494 δέ,
1179 2424 1216 2477 sl'
1235 2441 1267 2477 τι

123 2506 204 2576 περὶ
229 2509 300 2562 τῶν
320 2510 434 2563 θείων
457 2503 672 2579 πρηγμάτων
693 2508 837 2565 δοκέειν
858 2511 926 2581 δεῖ,
948 2501 966 2577 ἡ
991 2505 1061 2572 θεὸς
1083 2502 1155 2580 αὐτή
1181 2526 1268 2577 σφεας

126 2587 182 2646 aria
194 2586 302 2658 έδέξατο
318 2613 343 2648 ν.
354 2614 377 2652 τ.
391 2598 416 2648 l.
449 2596 547 2667 Itaque
565 2602 640 2648 recte
660 2596 724 2647 mihi
740 2596 780 2647 sic
800 2602 923 2647 statuere
943 2594 1054 2647 ridetur
1072 2594 1170 2662 laeger
1190 2593 1267 2645 Dias.

128 2678 248 2731 Herodd.
264 2697 291 2749 p.
308 2682 355 2733 31:
378 2683 429 2748 „ln
448 2682 599 2736 αοίντνννοι
618 2682 646 2733 in
668 2683 757 2751 aprico
777 2690 815 2734 ert
834 2683 926 2734 mentis
949 2681 1080 2734 Herodoti
1101 2680 1269 2749 compatris

127 2765 256 2836 religione
274 2767 444 2835 conspiratio.
470 2771 506 2820 At
529 2786 584 2821 non
605 2768 689 2820 minus
711 2769 812 2832 elucet,
834 2785 893 2820 eam
915 2767 1006 2819 altiori
1024 2768 1183 2818 collocatum
1202 2767 1268 2830 loeo,

124 2850 284 2904 montem
313 2852 400 2921 patim
430 2871 509 2920 φατον
535 2862 632 2907 temere
656 2854 805 2905 credentem
840 2854 876 2904 ad
905 2870 965 2905 eom
993 2854 1146 2905 aecederc.“
1188 2849 1268 2912 Quae

124 2934 252 3004 pluribus
285 2942 451 3004 persecutus
486 2946 530 2989 est
556 2938 584 2989 in
614 2944 812 3004 programmate
838 2935 1078 2988 Hildesheimiens.
1107 2935 1173 2987 anni
1201 2936 1268 2987 1856

121 3019 241 3088 Ruuge:
258 3020 418 3087 „Herodoto
436 3021 609 3074 Verhiltniss
630 3037 691 3073 zum
710 3020 898 3090 griechischen
923 3020 1150 3088 Volksglanben“
1174 3022 1269 3089 pag.4

122 3123 204 3176 seqq.
219 3123 248 3174 p.
261 3110 304 3157 22.

209 3189 363 3252 Quaeritur
378 3190 472 3258 igitur,
486 3191 552 3262 quid
569 3190 651 3243 altius
667 3192 773 3244 Noster
792 3189 914 3242 senserit
934 3197 962 3242 et
983 3189 1090 3260 qualern
1108 3187 1195 3241 divini
1217 3205 1268 3240 nu-

119 3274 205 3329 minis
220 3274 359 3327 notionem
379 3277 467 3328 animo
486 3276 646 3345 impressam
660 3276 797 3341 tenuerit,
813 3283 844 3327 ut
858 3293 891 3326 ex
907 3292 948 3341 ea,
961 3291 1032 3344 quae
1048 3274 1131 3326 huius
1150 3273 1268 3325 numinis

121 3369 169 3414 est
188 3358 234 3412 ris
256 3366 338 3429 atque
358 3367 483 3430 potestas
502 3361 530 3413 in
554 3378 599 3413 res
615 3360 761 3427 humanas,
780 3376 885 3426 rerum,
901 3376 971 3428 quae
993 3359 1136 3425 accidunt,
1152 3358 1269 3409 omnium

121 3446 184 3498 sive
202 3448 303 3496 natura
317 3444 377 3499 sive
395 3446 548 3498 necessitas
563 3444 744 3513 intelligatur.
777 3444 902 3515 Namque
919 3462 952 3496 ex
972 3442 1109 3496 Herodoti
1131 3441 1269 3494 sententia

120 3546 185 3583 cum
202 3529 318 3581 hominis
334 3537 409 3583 certa
426 3531 464 3583 sit
475 3529 595 3582 conditio
611 3530 742 3598 quaedam
759 3530 885 3600 finesque
904 3528 989 3598 positi
1009 3546 1042 3580 ac
1060 3527 1178 3595 termini,
1197 3528 1270 3579 intra

120 3782 263 3832 Herodoti
281 3782 487 3846 computatione
506 3780 617 3846 egregie
639 3779 786 3830 convenire
803 3777 1011 3842 Apollodorum,
1037 3777 1128 3843 quiin
1147 3780 1269 3826 aetatum

121 3851 226 3901 seriem
247 3856 275 3899 et
291 3854 371 3900 notas
390 3849 598 3899 accuratissime
616 3847 781 3913 inquisierit.
812 3846 854 3894 'l'u
871 3845 926 3895 vid.
946 3860 1015 3910 quae
1034 3847 1062 3895 in
1080 3846 1193 3894 Excurs.
1208 3844 1268 3894 Vll.

121 3936 151 3985 p.
164 3918 217 3967 855
229 3933 287 3981 aeq.
301 3918 334 3967 de
347 3918 391 3967 his
404 3916 614 3983 disputavimus.

195 3985 222 4047 ¹³)
241 3984 321 4035 Coni.
337 3986 420 4035 etiam
432 3985 494 4034 Alb.
508 3984 541 4034 de
553 3983 649 4049 longh.
662 3983 681 4032 l.
694 3982 713 4032 1.
725 3999 751 4047 p.
764 3981 806 4030 27.

182 4053 227 4117 **)
248 4054 473 4113 „Relativement
485 4068 521 4102 au
534 4052 607 4102 culte
620 4051 667 4101 des
679 4051 779 4111 Dioux,
792 4049 930 4099 Herodote
944 4054 1048 4099 mentre
1061 4046 1270 4098 l’attaehement

123 4122 152 4172 le
165 4121 229 4188 plus
242 4122 284 4170 vii
299 4136 367 4186 pour
385 4137 417 4171 ce
436 4123 517 4186 qu'on
533 4125 600 4185 pout
618 4117 732 4184 appeler
744 4118 772 4167 la
785 4117 901 4183 religion
915 4117 1058 4167 nationale
1072 4122 1099 4166 et
1111 4131 1148 4164 un
1159 4120 1269 4179 respect

123 4189 245 4256 profond
263 4205 331 4254 pour
349 4194 410 4238 tous
428 4189 468 4238 les
485 4189 575 4238 obiets
594 4187 626 4236 de
645 4186 697 4248 toi,
715 4201 784 4251 pour
802 4191 892 4236 toutes
910 4185 950 4234 las
963 4186 1091 4250 opinions
1103 4184 1269 4247 religieusea

124 4274 179 4324 qne
199 4257 227 4305 la
244 4256 377 4307 tradition
395 4257 443 4307 des
461 4254 541 4322 peres
560 4257 636 4305 avoit
655 4255 709 4303 fait
724 4269 822 4319 passer
839 4269 892 4304 alix
911 4254 1010 4303 enfans
1023 4258 1052 4302 et
1064 4267 1116 4316 qne
1129 4251 1155 4299 lo
1170 4249 1268 4315 pouple

126 4327 206 4376 avait
217 4324 472 4389 serupuleusement
485 4322 645 4389 adopteles.“
675 4323 820 4371 Meierotto
834 4321 851 4372 l.
866 4321 884 4371 l.
899 4338 925 4387 p.
938 4320 997 4371 647.
1026 4322 1064 4370 Et
1076 4319 1148 4368 coiis.
1163 4333 1268 4383 quoqne

125 4393 190 4444 Alb.
204 4393 239 4443 de
251 4392 348 4458 longh.
361 4394 403 4442 De
415 4393 518 4445 Herod.
530 4390 684 4458 philosoph.
697 4407 723 4457 p.
737 4390 778 4441 25.
792 4388 835 4439 26.

178 4497 339 4539 unaonou.
360 4498 402 4540 iv.
1025 4475 1067 4537 29
1083 4556 1085 4561 ι
