2866 5134
328 374 388 437 DE
407 372 509 433 VITA
532 375 589 433 ΕΤ
608 373 801 434 SCltIPTlS
823 375 1057 436 HERODO'l'I.
1202 383 1259 442 471

127 546 202 599 canit
219 544 413 617 quodammodo
428 544 583 602 bellicum.“
625 545 693 603 Add.
707 546 822 599 eundem
837 546 879 599 De
896 555 965 600 orat.
981 548 1019 615 11,
1036 551 1078 603 13.
1093 554 1118 614 S.
1133 553 1168 603 55
1183 556 1211 602 st
1226 550 1263 617 ll,

128 634 172 691 15.
194 635 219 695 S.
236 634 270 684 ut
289 629 349 683 coll.
370 631 492 683 Visconti
517 630 699 699 lconogrepb.
721 631 850 701 Grecque
872 631 907 683 T.
928 632 951 684 Ι.
973 650 1000 701 p.
1020 636 1071 688 313
1088 652 1148 704 seq.
1192 634 1265 686 Hinc

126 714 290 769 Aristoteles
305 715 332 767 in
349 716 429 768 Rbet.
446 716 498 782 Ill,
512 719 544 770 9:
563 709 580 784 η
595 712 644 785 μὲν
656 705 708 770 οὖν
719 712 843 786 εἰρομένη
857 713 927 782 λέξις
940 710 958 786 ἡ
970 710 1071 786 ἆργαία
1084 714 1170 773 ἐστίν·
1183 713 1264 788 Ἡρα·

124 794 211 855 δότοο
226 802 348 868 Θουρίου
368 793 417 869 ἥδ’
441 797 560 869 ίστορίης
576 794 722 870 ἀπόδεξις,
746 802 793 853 ubi
814 801 881 873 quid
898 802 935 853 sit
949 800 1074 873 εἰρομένη
1092 802 1162 870 λέξις
1183 821 1262 857 accu-

125 896 187 939 rate
207 886 336 956 disquirit
356 886 506 939 Turnebus
527 886 560 937 ad
583 886 674 939 Cicer.
695 885 736 937 De
752 887 824 954 legg.
840 886 867 953 1,
886 890 909 941 l.
933 904 960 956 p.
977 891 1028 942 532
1052 889 1107 958 (ed.
1125 890 1220 942 Moser
1237 897 1264 941 et

125 971 243 1040 Creus.)
257 981 372 1026 tractum
387 971 537 1023 orationem
554 970 687 1038 reddens,
704 970 748 1022 die
765 970 975 1040 unperiodische
989 971 1080 1039 Rede,
1098 983 1129 1026 ut
1144 975 1264 1026 Creuse·

124 1073 176 1108 rus
193 1055 390 1125 interpretatur
405 1055 472 1125 (Die
487 1055 550 1107 bist.
568 1056 661 1109 Kunst
677 1057 727 1108 der
739 1055 851 1108 Griecb.
867 1075 894 1126 p.
913 1058 962 1110 181)
978 1076 1000 1109 s.
1017 1075 1044 1126 p.
1063 1063 1108 1111 147
1125 1058 1168 1111 ed.
1182 1064 1262 1129 sec),

123 1157 199 1210 quae
221 1142 312 1194 eadem
331 1140 500 1192 aDenretrio
520 1140 576 1211 (De
592 1140 693 1193 elocut.
714 1144 740 1205 ς.
758 1144 799 1195 ll.
820 1140 865 1207 1⁶2)
887 1150 1002 1194 vocatur
1022 1135 1038 1211 ἡ
1055 1140 1204 1215 διῃρημένη
1222 1139 1264 1212 ἕρ-

122 1227 237 1297 μηνεία,
258 1219 275 1293 ἡ
298 1223 337 1287 είς
351 1226 427 1278 κῶλα
445 1222 575 1294 λελυμένη
595 1218 629 1279 οὗ
642 1221 716 1294 μάλα
732 1218 859 1294 αλλήλοις
879 1224 1081 1296 συνηρτημίνας
1109 1229 1182 1281 coni.
1196 1228 1263 1282 ibid.

124 1316 153 1375 s.
169 1316 212 1364 44.
230 1314 288 1364 tta.
307 1314 364 1365 113.
401 1310 548 1363 Sublicium
566 1310 608 1362 bis
620 1310 747 1378 Dionysii
763 1311 850 1363 locum
866 1311 916 1363 bac
932 1313 959 1363 in
977 1330 1007 1364 re
1022 1312 1156 1381 insignem
1170 1313 1199 1365 in
1217 1314 1263 1365 Iu-

123 1397 179 1447 dic.
198 1397 232 1448 de
247 1395 372 1463 Thucyd.
395 1399 418 1459 ς.
435 1397 476 1450 23.
493 1412 520 1463 p.
539 1399 602 1459 147,
619 1399 650 1448 12
673 1396 721 1463 (Τ.
739 1395 786 1447 VI.
808 1414 836 1464 p.
851 1399 903 1449 8115
923 1414 983 1468 seq.
1000 1396 1109 1467 neiat.)
1129 1385 1211 1459 οὗτος
1233 1393 1264 1451 δὲ

125 1483 179 1549 (sc.
196 1480 369 1547 Herodotus)
385 1474 457 1534 sacci
470 1476 522 1549 τὴν
536 1474 652 1550 ἐκλογὴν
672 1482 728 1534 τῶν
744 1473 891 1550 ὀνομάτων
905 1478 954 1534 καλ
972 1476 1043 1536 κατὰ
1061 1477 1113 1551 τὴν
1129 1477 1264 1537 σύνθεσιν

123 1564 174 1619 καί
192 1559 263 1619 κατὰ
277 1559 329 1635 τὴν
343 1566 399 1619 τῶν
421 1566 613 1634 σχηματισμῶν
628 1566 784 1632 ποικιλίαν,
806 1567 924 1638 μακρῷ
944 1560 987 1635 δή
1010 1586 1083 1620 τινι
1101 1562 1185 1629 τούς
1204 1560 1263 1621 ἄλ-

121 1655 208 1711 λους
225 1643 467 1722 ὑπερεβάλετο
491 1649 539 1704 καί
561 1646 749 1719 παρεσκεύασε
768 1652 802 1723 τῇ
823 1652 952 1722 κρατίστη
973 1647 1084 1721 ποιήσει
1105 1646 1158 1722 τὴν
1177 1647 1263 1722 πεζὴν

120 1730 229 1806 φράσιν
242 1729 340 1804 ὁμοίαν
356 1732 485 1805 γενέσθαι
499 1737 619 1798 πειθοῦς
632 1754 661 1790 τι
675 1735 724 1790 καλ
738 1738 855 1805 χαρίτων
866 1733 974 1804 καὶτῆς
988 1734 1027 1799 είς
1041 1727 1129 1804 ἄκρον
1140 1731 1263 1807 ἡκούσης

119 1815 229 1892 ἡδονῆς
243 1818 339 1875 ἕνεκα·
366 1814 465 1888 ἀρετάς
479 1828 508 1876 τε
529 1817 579 1883 τὰς
598 1823 725 1891 μεγίστας
741 1820 790 1875 καί
806 1816 997 1890 λαμπροτάτας
1017 1819 1069 1887 ἔξω
1091 1824 1147 1876 τῶν
1160 1816 1263 1891 ἐναγω-

118 1908 193 1960 νίων
213 1898 295 1959 οὐδὲν
314 1898 343 1958 ἔν
360 1901 474 1968 ταύταις
492 1900 630 1977 ἐνέλιπεν,
654 1907 708 1961 εἴτε
729 1900 791 1999 οιίιιε
803 1896 834 1960 εὖ
857 1901 990 1974 πεφυκώς
1011 1901 1080 1973 πρὸς
1100 1901 1187 1970 αὐτὰς
1208 1908 1262 1962 είτε

119 1985 196 2045 κατὰ
212 1984 343 2059 λογισμόν
358 2010 422 2045 τινα
442 1986 574 2053 ἑκουσίως
593 1984 749 2061 ὑπεριδών,
771 2011 809 2052 ως
824 1984 874 2061 οὐχ
895 1984 1090 2060 ἁρμοττουσῶν
1113 1990 1260 2060 ίστσρίαις·

119 2070 189 2131 ouidi
204 2070 257 2143 γὰρ
267 2078 447 2145 δημηγορίαις
458 2080 571 2138 πολλαῖς
584 2069 600 2130 ὁ
611 2070 683 2146 ἀνὴρ
697 2071 760 2131 οὐδ’
773 2072 934 2146 ἐναγωνίοις
949 2074 1075 2146 κέχρηται
1088 2073 1182 2148 λόγοις
1197 2071 1262 2132 οὐδ’

119 2158 152 2217 ἐν
167 2161 207 2234 τῷ
220 2164 373 2215 παθαίνειν
387 2160 435 2215 καλ
456 2162 625 2215 δεινοποιεῖν
644 2157 678 2215 τὰ
694 2156 843 2231 πράγματα
855 2156 908 2231 τὴν
923 2156 1013 2231 ἄλκην
1027 2159 1097 2231 ἔχει·
1125 2158 1215 2235 τούτῳ
1232 2158 1262 2216 δὲ

119 2242 158 2316 δὴ
177 2246 216 2319 τῷ
230 2238 313 2313 ἆνδρί
328 2247 504 2316 Θουκυδίδης
519 2240 657 2320 ἐπιβαλὼν
672 2266 698 2301 κ.
714 2268 737 2301 τ.
752 2252 776 2300 λ.
810 2248 886 2300 Adde
903 2247 984 2300 aliurn
999 2247 1085 2300 locum
1102 2266 1156 2300 non
1172 2249 1261 2301 minus

118 2331 260 2399 insignem
280 2331 308 2382 in
328 2332 420 2401 Epist.
440 2331 473 2383 ad
495 2331 548 2383 Cn.
570 2332 689 2400 Pompei.
711 2332 746 2388 Τ.
763 2333 810 2386 Vl.
832 2351 858 2402 p.
882 2336 933 2385 775
950 2350 1026 2402 seq.,
1060 2332 1106 2385 ubi
1126 2332 1261 2402 singulae,

119 2416 226 2487 quibus
240 2416 429 2483 Thucydidem
444 2424 558 2485 superat
567 2416 741 2484 Herodotus,
758 2416 876 2469 virtutes
891 2414 1045 2485 Dionysius
1060 2426 1187 2470 accurate
1199 2435 1262 2488 per·

121 2500 261 2571 sequitur.
296 2506 336 2553 Ac
350 2501 469 2571 denique
484 2501 564 2554 etiam
582 2503 702 2554 conferri
717 2508 810 2571 potest
824 2501 940 2553 Photius
956 2500 1025 2554 cod.
1041 2502 1099 2555 LX.

208 2586 294 2638 Hisce
315 2587 448 2638 orationis
465 2586 640 2639 Herodoteac
660 2586 810 2640 virtutibus
833 2586 902 2638 udde
925 2603 996 2652 eam,
1024 2604 1104 2656 quam
1123 2586 1263 2656 appellant

123 2664 174 2739 τήν
184 2664 326 2739 ἀλήθειαν
334 2668 379 2745 *),
401 2670 434 2723 ad
449 2660 538 2741 ἦδος,
563 2671 602 2723 uti
619 2671 704 2724 tradit
721 2672 924 2740 Hermogenes,
945 2671 1056 2723 maxime
1078 2673 1260 2741 pertinentem

123 2765 227 2808 etcum
243 2772 276 2808 ea
289 2757 360 2808 bene
376 2756 562 2824 coniunctam,
584 2773 639 2826 qua
654 2756 779 2809 nimirum
789 2756 832 2823 id,
853 2756 927 2826 quad
943 2756 1042 2825 cuique
1057 2757 1198 2826 proprium
1213 2774 1260 2808 na-

120 2842 185 2893 turt
200 2849 258 2906 est,
274 2842 329 2893 tale
344 2842 425 2893 etiam
440 2848 586 2894 enarretur
600 2848 628 2893 et
639 2840 720 2911 quale
731 2859 829 2893 revera
839 2841 890 2909 sit,
907 2840 1068 2894 exhibeatur
1082 2842 1110 2894 in
1126 2842 1261 2909 oratione,

118 2944 193 2996 quae
206 2925 345 2996 uniusque
355 2943 498 2996 personant
510 2925 671 2994 diligentius
682 2943 743 2979 cunt
756 2934 880 2993 tueatur,
897 2944 929 2979 eo
941 2926 1003 2996 ipso
1015 2927 1064 2979 frat
1074 2926 1167 2979 vivida
1178 2926 1260 2981 adeo-

117 3029 176 3081 que
190 3010 303 3065 mimica.
342 3010 488 3064 Pertinent
502 3012 555 3063 buo
570 3011 758 3080 proverbiales
774 3011 928 3064 locutiones
943 3011 1068 3064 crebrius
1084 3010 1260 3079 intersertae,

117 3096 196 3148 dicta
210 3096 382 3148 sententiosa
395 3096 509 3165 saepius
527 3097 622 3165 obvia,
643 3102 674 3148 ut
687 3113 803 3167 qnorum
820 3112 941 3164 magnam
957 3114 1024 3150 sane
1038 3096 1143 3166 copiam
1158 3114 1191 3149 ex
1202 3096 1259 3149 Hc-

118 3181 213 3234 rodoti
229 3180 321 3232 Musis
341 3179 469 3248 colligere
489 3181 591 3250 possis.
630 3181 669 3233 Ac
685 3182 803 3250 denique
818 3180 1001 3251 praedicanda
1019 3188 1062 3233 est
1076 3181 1188 3233 maxima
1205 3180 1260 3233 elo-

118 3265 242 3318 cutionis
257 3260 462 3335 simplicitas**)
477 3283 565 3335 eaque
577 3266 669 3317 native
681 3267 829 3336 quaedam,
847 3283 918 3335 quae
931 3266 997 3318 nibil
1012 3265 1098 3319 fucati
1113 3272 1161 3317 sut
1177 3282 1261 3335 quae-

118 3351 167 3404 siti
184 3350 279 3417 babet‚
296 3368 394 3419 expers
408 3350 495 3402 omnis
511 3351 579 3402 artis
594 3359 642 3403 aut
656 3358 813 3403 structurae
824 3350 1004 3417 artificiosae,
1021 3350 1070 3403 sed
1081 3357 1181 3419 sponte
1192 3350 1261 3402 scri⁴

118 3436 212 3505 ptoris
228 3453 261 3488 ex
276 3435 363 3487 animo
380 3436 522 3504 profluens
539 3452 648 3502 omnes,
666 3436 714 3505 qui
729 3436 763 3488 sd
775 3436 944 3487 Herodotum
960 3434 1103 3503 legendum
1115 3434 1259 3502 secedunt,

116 3520 218 3574 mirum
234 3521 261 3571 in
278 3520 383 3572 modum
404 3519 478 3589 capit
497 3525 580 3591 atque
598 3520 746 3587 demulcet,
769 3519 929 3589 praesertim
948 3537 1008 3572 cum
1026 3520 1052 3571 in
1069 3519 1181 3571 maxims
1198 3536 1260 3571 ora·

118 3605 207 3657 tionis
229 3604 366 3657 suavitate
387 3606 524 3658 maximam
539 3622 650 3675 qnoque
666 3606 763 3658 babeat
777 3606 1003 3676 perspicuitatem,
1024 3622 1094 3675 quae
1109 3604 1181 3656 haud
1197 3622 1260 3656 raro

118 3691 268 3743 verborum
288 3690 480 3743 abundantiam
497 3690 631 3759 quandam
649 3696 677 3743 et
692 3696 796 3759 gratam
812 3690 946 3759 quandam
966 3689 1158 3758 negligentiam
1175 3688 1258 3759 parit,

117 3776 154 3827 iis
171 3774 326 3842 molestam,
344 3776 392 3845 qui
407 3775 582 3828 Herodoteae
598 3775 732 3827 orationis
748 3782 871 3827 naturum
885 3780 969 3844 atque
986 3774 1102 3827 indolem
1116 3774 1257 3844 haudqua-

116 3877 200 3931 quam
216 3864 428 3930 perspexerunt.
473 3861 543 3913 Nam
558 3860 668 3912 multum
685 3861 776 3927 abest,
801 3866 833 3912 ut
850 3860 913 3912 binc
930 3860 1050 3912 remittat
1067 3859 1155 3915 aratio
1170 3860 1260 3911 Hero-

121 3985 324 3993 ...-,«...-..-..

187 4040 217 4107 *)
235 4042 316 4093 Coni.
330 4042 461 4092 Creuaer:
474 4042 580 4092 Histor.
590 4043 679 4091 Kuust
691 4042 717 4091 d.
730 4042 775 4092 Gr.
785 4058 810 4107 p.
826 4040 871 4092 195
883 4058 939 4107 seq.
951 4041 987 4108 (p.
1001 4040 1046 4091 151
1060 4057 1117 4107 seq.
1128 4039 1171 4090 ed.
1182 4039 1258 4101 sec).

188 4107 231 4175 **)
249 4112 331 4161 Hanc
344 4111 518 4160 Herodoteae
531 4111 665 4171 orationis
677 4100 817 4174 α’φέλειαν
833 4111 892 4160 iure
905 4110 1002 4161 laudet
1014 4110 1150 4159 Valcken.
1164 4109 1198 4158 nd
1211 4108 1259 4169 lV,

121 4179 178 4228 127.
193 4178 254 4229 Vol.
268 4180 304 4228 ΙΙ.
317 4195 343 4244 p.
357 4177 416 4231 532.
446 4179 482 4227 itt
494 4178 567 4228 coni.
582 4193 688 4243 quoque
701 4182 768 4227 nott.
783 4179 817 4227 ad
831 4179 877 4240 lV,
893 4177 939 4228 ll3
952 4177 1012 4227 Vol.
1025 4178 1060 4227 ΙΙ.
1072 4194 1098 4242 p.
1112 4175 1170 4226 515.
1201 4176 1260 4225 Nec

116 4248 202 4313 plura
219 4247 342 4311 prolerre
360 4260 440 4311 opus,
466 4262 526 4295 ctam
548 4245 600 4295 lroc
622 4251 812 4309 argumentum
830 4245 965 4311 peculiari
982 4244 1078 4295 libello
1096 4244 1260 4295 tractaverit

118 4315 216 4365 Everlr.
234 4314 447 4434 ngpardeoburp:
464 4314 538 4364 Dias.
551 4313 624 4364 liter.
637 4313 670 4363 de
684 4314 780 4366 nativa
797 4313 974 4379 simplicitate
988 4313 1121 4363 Herodoti
1133 4311 1258 4377 Lugdun.

114 4382 248 4435 Bateni
284 4382 310 4432 0.
