2932 5124
437 349 643 411 URANIA.
666 351 757 410 VIII.
783 359 841 413 134.
868 359 926 417 135.
1192 355 1253 416 199

18 516 19 549 ³
122 523 155 591 δὲ
172 529 346 610 Θηβαίων,
370 524 478 591 κέεται
497 521 534 591 δὲ
551 516 637 611 ὑπὲρ
654 524 712 611 τῆς
729 527 908 602 Κωπαΐδος
926 528 1042 610 λίμνης
1060 519 1142 612 πρός
1159 519 1255 614 οὔρεϊ

77 620 287 713 tetimonium
301 620 495 712 Ἀκραιφίης
512 621 634 704 πόλιος.
671 626 704 704 ἐς
720 626 817 693 τοότο
838 620 874 693 τό
899 620 973 713 ίρόν
992 626 1066 692 ἐπεί
1080 651 1115 692 τε
1132 633 1251 715 παρελ-

119 737 191 795 θεῖν
206 723 266 796 τόν
282 723 485 814 καλεόμενον
502 728 621 795 τούτον
638 728 740 812 Μῦν,
776 721 921 795 ἕπεσθαί
939 729 974 795 ol
989 727 1056 794 τεόν
1073 721 1184 795 όστοὶν
1201 730 1250 795 ul·

120 824 228 916 ρετοός
245 823 371 916 ἄνδρας
388 843 476 915 τρεῖς
494 821 559 896 ἆπό
576 829 638 897 τοῦ
660 829 791 915 κοινοῦ,
827 821 872 908 ὦς
894 822 1190 917 ἀπογραφομένους
1212 824 1252 897 tol

119 931 286 999 θεσπιέειν
304 934 427 1018 ἔμελλε.
448 931 502 997 καὶ
520 925 629 1017 πρόκα
645 955 681 997 τε
697 925 757 998 τόν
773 925 958 1018 πρόμαντιν
969 926 1130 1021 βαρβάρῳ
1147 925 1252 1016 γλώσ-

120 1126 319 1177 Griechenland
342 1127 364 1176 Ι,
388 1141 451 1191 pag.
472 1124 528 1175 105.
568 1126 658 1191 Atque
709 1141 760 1176 eoo.
795 1126 836 1176 Ad
859 1141 977 1191 sequens
994 1116 1255 1192 ἀπογραψομένους

117 1185 275 1260 Ἀκραιφίης
296 1193 372 1243 urbis
391 1193 491 1243 rudera
510 1194 658 1243 etiamnum
711 1194 783 1244 conf.
797 1195 856 1255 VII,
871 1192 1024 1258 tobimque
1038 1194 1135 1245 allata.
1154 1194 1254 1245 θεσπι-
1288 1248 1295 1259 ,

119 1262 246 1327 quaedam
264 1262 343 1310 cerni
359 1276 443 1325 prope
461 1262 552 1311 vicum
565 1261 599 1311 ab
612 1260 658 1310 Al·
709 1256 768 1311 έιιν
786 1279 801 1313 e
819 1262 924 1312 duobus
940 1262 1018 1313 codd.
1039 1262 1188 1327 repositum
1205 1279 1254 1328 pro

119 1330 281 1379 heriensibus
309 1343 382 1378 nunc
409 1328 578 1390 habitatum,
612 1330 657 1378 cui
709 1330 783 1394 vulg.
807 1329 952 1388 θεσπιιίν,
977 1331 1112 1395 probante
1136 1330 1253 1381 Bredov.

118 1413 208 1447 nomen
224 1394 388 1459 Καρδίτζα,
410 1395 530 1445 dubitari
546 1397 656 1460 nequit:
708 1413 772 1462 pag.
783 1395 841 1448 378.
861 1398 901 1447 Ad
915 1404 1104 1462 argumentum
1116 1397 1170 1448 loci
1181 1397 1252 1448 bene

117 1465 190 1527 unde,
202 1480 292 1530 parvo
303 1464 412 1514 itineris
422 1464 523 1527 spatio,
536 1464 659 1529 assurgit
713 1464 965 1516 Valckenarius:
977 1465 1253 1526 „qutaHerodotum

119 1534 195 1583 Ptous
207 1547 301 1593 mons,
316 1532 394 1581 cuius
406 1531 462 1580 trie
474 1533 583 1596 capita,
596 1547 658 1597 pro·
710 1533 826 1583 aderant
835 1533 901 1583 Cari
911 1522 1149 1598 όποηραψόμενοι
1159 1524 1194 1582 τό
1204 1533 1253 1583 θε-

118 1607 171 1665 pter
198 1615 272 1664 quac
296 1591 471 1661 τρικόρανος
497 1602 613 1649 vocatur
641 1614 658 1648 a
710 1602 805 1651 σπιεῐν
818 1594 1010 1665 ἕμελλεῦειιιι
1030 1600 1101 1650 tales
1113 1615 1253 1665 ταχνηρα-

117 1667 228 1718 Pindaro
240 1666 328 1732 (apud
338 1666 464 1716 Strabon.
474 1666 492 1715 1.
502 1666 520 1717 1.
530 1666 584 1717 vid.
595 1667 659 1716 Pin·
711 1666 834 1733 puderse
848 1664 898 1718 καὶ
913 1659 948 1717 τό
961 1661 1086 1732 μαντικὰ
1102 1661 1156 1732 ἔπη
1169 1682 1253 1732 μετα-

117 1734 171 1784 dari
187 1736 316 1800 irogmm.
335 1732 421 1784 nr.78
437 1734 513 1783 sol.
550 1734 659 1799 aptot
709 1728 904 1801 λαμβάνοντες
927 1736 1074 1785 Eustathio
1102 1750 1253 1785 memoren-

116 1803 141 1852 in
157 1802 271 1868 Bergkii
286 1802 379 1851 Poiitt.
395 1802 505 1865 Lyricc.
520 1750 657 1865 graece),
710 1808 753 1853 tur
776 1803 811 1852 ad
832 1802 884 1853 Od.
905 1803 980 1852 VIII.
1003 1819 1029 1868 p.
1047 1801 1110 1865 323,
1133 1802 1175 1852 35.
1216 1802 1253 1851 Hi

117 1869 455 1933 adhucdistinguivoluntt
466 1870 658 1919 nominauunc
710 1871 775 1921 boni
791 1870 931 1932 Thebani,
951 1870 1038 1921 solam
1055 1869 1252 1934 intelligentes,

116 1938 145 1988 iis
156 1938 244 1988 iudita
256 1943 324 1987 snut
333 1938 423 1998 Palea,
434 1935 572 1995 Stamina,
583 1938 660 1987 Scro-
710 1944 740 1987 ut
753 1939 814 1989 istis
826 1938 994 2004 temporibus
1008 1937 1132 2003 plerique
1149 1952 1252 2000 omnes,

115 2009 205 2068 ροτέτί,
218 2004 489 2071 utLeekeproiert;
507 2003 657 2067 Tzulrurieli,
709 2006 832 2072 linguam
848 2007 982 2071 patriam.
1004 2006 1175 2056 mirabantur
1192 2020 1253 2070 pro·

116 2074 313 2137 stepaso-Bono,
326 2074 443 2137 Pelopia,
457 2072 481 2122 si
492 2071 658 2122 Ulrieheium
694 2073 754 2123 ·cul
767 2075 849 2125 dubio
862 2073 958 2139 lingui
970 2073 1070 2124 Carice
1086 2073 1252 2138 respondeu-

117 2141 234 2191 audimus
246 2141 267 2190 1.
281 2140 301 2190 l.
328 2141 434 2190 Locum
446 2139 542 2205 templi
553 2139 657 2204 Apolli·
709 2146 777 2192 tem:
804 2157 894 2207 neque
912 2142 984 2191 euim
1002 2141 1167 2203 verisimile,
1190 2140 1253 2191 deo-

115 2209 166 2271 nis,
188 2218 276 2259 antea
293 2224 349 2258 non
369 2209 523 2271 cognitum,
542 2223 658 2257 accura—
708 2225 767 2259 rum
783 2210 812 2259 iu
828 2209 948 2260 oraculis
969 2208 1146 2259 administros
1162 2208 1253 2259 diver·

18 2310 20 2335 ‚
115 2278 162 2326 tius
168 2293 240 2327 nunc
248 2276 324 2326 idem
335 2274 596 2326 indicavitUlriohs.
604 2274 657 2334 1.1.,
708 2278 747 2327 sis
758 2276 861 2341 linguis
872 2276 1060 2341 respondisse,
1078 2282 1159 2342 prout
1172 2291 1254 2340 quae-

116 2345 156 2407 qui
173 2345 201 2394 iu
213 2348 297 2409 parte
311 2344 445 2394 eminenti
461 2343 562 2393 montis
574 2343 660 2392 Pala·
710 2359 762 2409 que
779 2344 984 2395 consulentibus
1005 2349 1079 2393 esset
1094 2343 1201 2408 patria;
1226 2348 1255 2393 et

115 2411 186 2476 gire,
198 2412 277 2461 infra
289 2411 486 2461 monesterium
500 2408 595 2460 eodem
605 2412 655 2460 Pa·
709 2411 867 2476 figmentum
878 2412 996 2461 arbitror
1006 2411 1253 2475 grammaticorum,

115 2478 200 2544 lagiae
224 2480 339 2530 nomine
364 2477 547 2541 celebratum,
572 2493 658 2543 prope
710 2478 781 2543 quod
804 2479 883 2529 nobis
906 2484 1034 2528 narratur
1055 2478 1084 2527 in
1106 2477 1197 2527 Schol.
1219 2477 1255 2526 ad

114 2547 226 2597 Perdicia
245 2547 360 2609 fontem,
385 2547 432 2611 qui
454 2561 526 2595 nunc
543 2552 659 2597 vocatur
710 2546 791 2611 Soph.
817 2545 918 2595 Trach.
947 2543 1020 2596 1184.
1062 2544 1117 2594 Hic
1140 2548 1255 2594 narrata

115 2603 140 2678 (η’
161 2609 421 2679 Περόιιιόβρνοις),Δ
446 2614 534 2679 ipsius
562 2612 658 2679 templi
708 2613 864 2679 respexisse
887 2612 996 2664 videtur
1023 2612 1189 2662 Plutarchus
1211 2611 1254 2661 De

115 2682 206 2732 rudera
218 2683 339 2745 invenit,
352 2681 422 2746 ipsis
432 2681 659 2747 inscriptionibus
710 2697 800 2732 oracc.
818 2681 920 2731 defect.
939 2697 967 2746 p.
985 2679 1071 2731 412A.
1089 2679 1153 2730 coll.
1168 2678 1254 2743 Gryll.

116 2748 224 2800 Graeciis
242 2749 281 2799 ad
293 2750 347 2799 hoe
358 2749 490 2814 templum
507 2750 659 2814 spectanti·
711 2766 738 2815 p.
751 2747 861 2799 99οΕ.“

115 2816 160 2867 bus
172 2817 264 2868 adhuc
283 2817 420 2881 insignia:
441 2822 523 2881 atque
537 2817 661 2880 suspica·

117 2890 154 2933 tur
164 2887 206 2934 rir
217 2886 335 2946 doctus,
354 2899 387 2934 ex
404 2885 465 2949 ipso
482 2885 557 2934 sacri
573 2884 659 2933 fontis
744 2880 794 2934 καὶ
806 2879 901 2947 πρόκα
912 2898 943 2934 τε
951 2875 1002 2935 τόν
1013 2874 1175 2948 πρόμαντιν
1186 2879 1254 2947 βαρ-

115 2951 207 3002 haustu
219 2952 362 3019 ApolliuIs
378 2951 551 3002 sacerdotem
564 2966 586 3001 s.
599 2967 660 3016 pro·
711 2944 790 3019 βόρῳ
802 2945 911 3017 ηλοίσση
922 2948 1006 3017 χρᾶν]
1024 2951 1067 3002 De
1080 2966 1148 3001 voce
1162 2943 1255 3027 πρόκμ

116 3020 220 3084 phetam
231 3021 351 3071 oracula
363 3019 494 3081 edidisse,
506 3034 568 3069 cum
579 3019 660 3082 quod-
711 3021 765 3071 vid.
779 3025 848 3070 nott.
863 3020 898 3069 ad
908 3020 936 3083 1,
950 3018 1007 3071 111.
1042 3020 1084 3069 De
1101 3033 1171 3069 voce
1185 3032 1253 3079 προ-

116 3103 173 3138 nam
184 3089 370 3140 divinationis
378 3102 466 3152 genus
478 3088 506 3136 in
517 3085 659 3152 hocApol·
710 3104 812 3147 possse
830 3088 866 3138 cf.
885 3092 954 3139 nott.
973 3087 1008 3137 ad
1025 3088 1053 3150 I,
1073 3084 1129 3140 182.
1147 3085 1198 3147 VI,
1212 3082 1254 3135 ub.

116 3155 172 3206 linis
184 3156 301 3207 oraculo
314 3157 446 3206 usitatum
457 3155 550 3215 luerit,
563 3156 659 3219 utique
710 3157 750 3207 do
762 3155 846 3220 vulgo
859 3170 920 3205 eum
929 3154 1058 3205 diderant
1069 3146 1087 3220 ἡ
1097 3145 1256 3219 πρόμαντις

116 3225 278 3275 nesciamus.
314 3223 462 3273 Caeterum
475 3223 658 3284 Ptousmons,
724 3225 812 3274 mulier
836 3222 960 3286 fatidica)
990 3227 1074 3287 etque
1103 3214 1255 3286 προφήτης

117 3293 148 3342 ad
170 3294 248 3343 ouius
275 3290 468 3342 declivitatem
495 3292 658 3357 septentrio·
724 3293 811 3356 templi
821 3293 935 3352 anseres,
946 3292 1061 3354 praeseri,
1074 3289 1108 3339 de
1122 3303 1175 3352 qus
1186 3302 1255 3338 voce

18 3406 24 3423 ,
116 3375 173 3410 nem
184 3376 284 3412 versus
302 3361 379 3411 iacet
390 3361 481 3419 vicus,
499 3360 545 3408 cui
561 3374 660 3409 nomen
710 3360 790 3433 pluro
807 3359 963 3408 notavimus
977 3357 1011 3407 ad
1023 3356 1089 3417 VII,
1106 3353 1177 3419 111),
1196 3355 1222 3404 h.
1236 3354 1254 3404 1.

116 3428 238 3488 Καλλίαν,
251 3433 285 3478 ut
296 3430 416 3479 testatur
427 3426 535 3476 Rossl.
546 3425 576 3488 1.,
589 3428 659 3477 eatis
709 3444 724 3477 ο
738 3421 896 3491 πρόμαντις
908 3425 980 3475 idem
993 3423 1190 3485 videturesse,
1209 3423 1256 3488 qui

117 3497 217 3562 amplus
234 3497 273 3547 ab
292 3494 424 3546 orientali
441 3495 503 3558 ripa
517 3493 595 3544 lacus
608 3493 658 3543 Co·
710 3500 772 3561 post
785 3499 899 3544 vocatur
916 3484 931 3543 ό
948 3484 1113 3557 προφήτης,
1131 3504 1256 3556 praeser-

116 3565 200 3627 pridis
223 3566 363 3616 orientem
387 3577 482 3612 versus
504 3563 659 3611 extenditur
709 3565 758 3612 tim
777 3577 837 3612 cum
850 3560 949 3612 Strabo
961 3561 1009 3611 IX.
1022 3576 1049 3625 p.
1064 3558 1153 3610 6333.
1170 3573 1193 3609 s.
1205 3557 1256 3609 413

116 3645 194 3696 mque
208 3633 246 3682 ad
258 3631 352 3682 sinum
369 3630 454 3679 maris
462 3629 594 3678 Euboici:
612 3646 658 3680 no·
709 3633 738 3680 iu
748 3630 871 3680 eiusdem
880 3631 922 3679 rei
933 3628 1092 3679 narratione
1102 3631 1184 3692 atque
1193 3625 1256 3677 Plu-

118 3714 173 3749 men
184 3702 276 3767 ipsum
288 3698 491 3764 Aegyptiacam
504 3712 526 3747 s.
540 3697 657 3747 Phoeni·
700 3696 916 3763 ,tarchdristid
924 3695 955 3748 19
965 3702 994 3746 et
1003 3697 1046 3746 De
1056 3695 1255 3746 deiectoracc.

117 3767 184 3821 eiam
200 3768 340 3833 originem
356 3765 460 3816 habere
472 3765 580 3815 videtur
591 3765 660 3816 Ros·
710 3766 735 3816 8.
742 3765 802 3816 Vol.
810 3765 847 3815 11.
858 3764 979 3830 pelen.
992 3778 1074 3814 unum
1087 3762 1181 3813 norint
1189 3776 1256 3824 προ-

117 3834 169 3897 sio',
186 3834 290 3886 Πτῶον
306 3833 456 3884 deducenti
473 3832 507 3882 ab
520 3833 660 3898 Aegyptia
712 3824 808 3898 φήτην
827 3835 849 3881 Α
871 3832 964 3883 ollinis
981 3832 1058 3882 Ptol:
1083 3847 1135 3896 quo
1160 3829 1255 3881 eodem

117 3915 180 3953 soce
194 3900 316 3960 ΤΩΟΤ,
348 3917 402 3951 uae
415 3899 533 3951 articulo
544 3916 660 3966 praepo·
710 3905 840 3966 spectant
848 3850 1007 3950 Ismeniae
1016 3897 1102 3950 verba
1110 3899 1144 3960 X,
1155 3896 1196 3947 33.
1207 3898 1230 3957 ἐ.
1240 3896 1256 3945 5

117 3970 166 4021 sito
182 3972 219 4021 sit
235 3918 382 4021 megs*
403 3975 431 4018 et
452 3974 558 4017 orontem
574 3969 661 4033 signi·
713 3967 1005 4033 sWesselingIobene
1015 3966 1116 4017 allata:
1129 3980 1150 4014 π
1169 3956 1255 4029 όμαν·

118 4036 185 4087 dcet.
215 4040 259 4088 De
275 4038 389 4101 Copaide
401 4036 465 4086 lacu
478 4037 572 4086 omnia
585 4043 660 4087 vete·
712 4052 754 4093 τις
767 4027 799 4085 δὲ
811 4027 934 4112 όθίεριός
946 4026 1017 4086 ἐστι’
1036 4032 1090 4100 χρᾷ
1107 4026 1139 4083 δὲ
1151 3980 1187 4083 In
1204 4028 1255 4081 τοῦ

118 4119 172 4155 τινι
189 4110 218 4157 et
233 4105 419 4155 recentiorum
436 4104 662 4153 testimonia'da·
712 4103 786 4155 θεοῦ
798 4118 927 4168 κατοχος.
963 4102 1067 4153 ScribIt
1078 4105 1170 4151 autem
1183 4099 1256 4149 idem

118 4168 159 4223 lm
171 4173 326 4238 Forbiger:
349 4172 460 4222 Handb.
479 4172 504 4221 d.
523 4171 572 4221 alt.
591 4170 661 4221 Geo·
712 4172 868 4221 Pausanias
879 4171 932 4233 IX,
945 4169 985 4221 23.
999 4171 1023 4231 ὅ.
1036 4168 1053 4218 θ
1065 4168 1256 4219 consentiente

119 4236 454 4359 &QUI-piliseq.
552 4309 557 4319 Ι
630 4308 636 4319 ¹
712 4234 1254 4320 1³·lutarci101.l.,nonGraeteasedCa·

112 4340 117 4351 ·
216 4323 271 4357 τον
282 4304 395 4372 κοινου]
413 4324 431 4358 1.
446 4322 471 4357 e.
485 4305 586 4371 publice
603 4323 659 4357 mrs-
712 4322 769 4357 mea
790 4305 885 4371 (igitur
901 4304 1047 4370 barbarica)
1071 4302 1192 4363 dialecto
1213 4316 1255 4350 re·

683 4596 772 4661 &⁰¹⁸4

671 4655 783 4755 {promi

686 4748 781 4833 fusti?
