2984 5154
472 385 677 445 URANIA.
701 386 792 446 VIII.
818 397 859 449 10.
885 397 925 449 II.
1228 394 1267 454 17

125 550 237 624 εὔνοοι
262 571 348 626 τοῖσι
364 552 500 645 Ἕλλησι
517 551 670 638 ἀέκοντές
693 585 729 626 τε
753 555 1007 648 ἐστρατεύοντο,
1031 559 1209 650 συμφορήν
1232 588 1269 631 τε

124 658 298 727 ἐποιεῦντο
315 656 464 748 μεγάλην
481 651 633 748 ὁρέοντες
651 662 904 750 περιεχομένους
922 656 1045 742 αὐτούς
1062 663 1118 731 καὶ
1138 659 1267 732 ἐπιστα-

121 786 230 847 μενοι,
250 753 295 840 ὦς
313 755 426 840 οὐδεὶς
444 755 556 831 αὐτοῖν
568 756 804 848 ἀπονοστήσει·
831 757 920 832 οὕτω
932 756 1079 833 ἀσθενέα
1095 785 1156 852 σφι
1175 767 1267 852 έφαί-
1467 786 1476 833 ι

121 888 199 931 νετο
218 860 305 931 εἶναι
328 859 369 932 τὰ
392 863 460 931 τοῖν
479 856 647 949 Ἑλλήνων
664 861 847 953 πρήγματα.
880 859 986 934 ὅσοισι
1010 865 1048 934 δέ
1071 867 1126 934 καὶ
1149 860 1267 954 ἡδομέ·

121 983 210 1031 νοισι
234 952 278 1051 ἦν
300 959 336 1033 τό
360 962 555 1053 γινόμενον,
579 959 722 1054 ἅμιλλαν
745 968 932 1051 ἐποιεῦντο,
960 961 1046 1047 ὅκως
1070 963 1169 1048 αὐτὸς
1194 970 1266 1037 ἕκα·

121 1084 198 1144 στος
217 1069 346 1155 πρῶτος
365 1068 425 1135 νέα
441 1061 590 1154 Ἀττικήν
609 1062 695 1138 ἑλών
713 1064 802 1157 παρὰ
815 1070 967 1155 βασιλέος
982 1070 1074 1158 δῶρα
1086 1067 1264 1159 λάμψεται·

118 1161 312 1254 Ἀθηναίων
333 1163 397 1258 γὰρ
414 1163 543 1237 αὐτοῖσι
562 1164 657 1255 λόγος
675 1157 718 1256 ήν
734 1177 887 1251 πλεῖστος
910 1165 974 1239 ἀντὶ
991 1165 1031 1239 τα
1049 1169 1263 1261 στρατόπεδα.

74 1285 121 1337 σει
133 1277 228 1337 Τοῖσι
254 1269 291 1338 δὲ
306 1263 441 1357 Ἕλλησι
465 1263 509 1350 ὥς
534 1267 694 1358 ἐσήμηνε,
724 1274 839 1361 πρῶτα
866 1271 928 1360 μὲν
951 1266 1154 1364 ἀντίπρωροι
1177 1284 1309 1343 τοῖσιλλ

121 1368 323 1460 βαρβάροισι
347 1368 519 1459 γενόμενοι
550 1374 581 1452 ἐς
613 1368 649 1440 τό
672 1374 774 1461 μέσον
802 1368 860 1454 τὰς
884 1371 1037 1463 πρύμνας
1060 1371 1264 1463 συνήγαγον,

121 1469 266 1562 δεύτερα
284 1473 322 1542 δὲ
339 1471 546 1563 σημήναντος
565 1480 665 1563 ἔργον
684 1483 828 1563 εἴχοντο,
854 1478 891 1545 έν
914 1470 1016 1569 ὀλίγῳ
1039 1503 1102 1566 περ
1120 1472 1266 1566 ἀπολαμ-

119 1576 269 1661 φθέντες
292 1576 349 1645 καλ
372 1571 456 1645 κατὰ
479 1571 591 1664 στόμα.
634 1570 800 1646 Ἐνθαῦτα
822 1574 1000 1667 τριήκοντα
1021 1579 1098 1658 νέας
1117 1580 1266 1669 αἱρέουσι

118 1769 242 1823 siurim
254 1775 374 1839 reposui.
397 1775 439 1823 De
451 1774 607 1840 ipseverbo
620 1790 668 1824 κν·
722 1774 778 1824 102.
796 1776 848 1839 IX,
868 1774 902 1824 80
919 1775 982 1825 coll.
1001 1776 1029 1840 1,
1044 1774 1084 1826 19.
1107 1774 1155 1826 120
1172 1778 1264 1842 ibique

118 1838 264 1891 ιιλοῦσθαι
282 1844 401 1905 dependi
416 1844 607 1908 includendiqne
621 1857 668 1891 no·
719 1847 787 1893 nott.

118 1909 194 1958 tione
206 1908 287 1974 plura
297 1911 391 1959 attulit
400 1909 566 1960 Bredov.l.I.
587 1910 666 1960 Ceus.

119 1978 206 2026 etism
218 1977 327 2031 Aeiisn.
340 1978 372 2030 N.
384 1978 416 2027 A.
429 1978 464 2035 Π,
477 1976 501 2039 8,
517 1978 566 2027 ubi
579 1977 667 2027 Hero-
927 2012 985 2062 cst
1010 2012 1048 2063 XI

117 2044 203 2095 detes
216 2045 428 2110 attulitlscebs,
442 2047 487 2110 qui
500 2046 571 2095 idem
583 2047 667 2095 etium
987 2052 993 2064 '
1050 2051 1057 2065 ·

118 2113 155 2162 sd
169 2112 279 2162 Aelinn.
293 2115 325 2164 N.
338 2115 458 2175 A.1,5e
475 2114 508 2163 de
521 2113 605 2163 verbo
618 2127 667 2162 πε·
752 2112 850 2176 πρῶτα
861 2104 1098 2179 μέναντίπρωροι
1113 2116 1185 2166 τοῖσι
1195 2112 1264 2181 βαρ-

118 2177 311 2247 ριλαμβάνειν
324 2182 442 2232 conferri
455 2187 555 2247 potest.
584 2181 626 2231 Ad
638 2172 667 2238 ές
718 2175 831 2246 βάροισι
849 2175 998 2248 γενόμενοι
1010 2199 1036 2233 ιι.
1050 2198 1073 2232 τ.
1088 2179 1126 2248 λ.]
1146 2184 1168 2232 Ε
1184 2200 1263 2249 prue-

116 2243 208 2315 μέσον
220 2249 294 2300 conf.
307 2251 354 2312 IV,
365 2248 397 2300 97
411 2255 440 2300 et
451 2251 498 2311 VI,
514 2248 562 2299 129
575 2249 667 2314 ibique
719 2250 880 2300 cedentibus
897 2253 969 2300 τοῖσι
976 2240 1093 2315 Ἕλλησι
1113 2257 1203 2301 mente
1221 2252 1264 2300 his

117 2322 189 2367 nott.
719 2318 872 2367 addendum
890 2308 1072 2383 οἱἝλληνες.
1109 2319 1163 2380 Qui
1184 2321 1264 2383 signo

123 2443 131 2463 ε
152 2378 307 2452 συμφορήν
325 2400 356 2435 τε
373 2376 523 2436 έποιεῦντο
539 2376 668 2451 μεγάλην
718 2386 783 2435 dato
796 2386 910 2450 primum
921 2387 1028 2450 quidem
1042 2387 1129 2452 proris
1140 2386 1264 2437 adversis

117 2448 263 2518 ορέοντες]
281 2454 495 2503 Distinctionem
507 2458 569 2519 post
580 2446 667 2519 μεγά·
718 2443 917 2516 (α’ντίπραροι,
937 2454 969 2503 de
984 2469 1037 2517 qne
1046 2469 1114 2503 voce
1127 2453 1206 2518 plura
1216 2455 1263 2504 de-

117 2522 173 2587 λην
190 2523 257 2587 peni
274 2521 386 2571 solitam
405 2521 518 2584 sustuli,
541 2536 593 2586 quo
611 2536 666 2570 rne-
718 2520 786 2571 bunt
803 2519 907 2571 Duker.
927 2526 955 2569 et
967 2520 1121 2570 Biemtield.
1142 2521 1176 2570 sd
1191 2521 1263 2570 Thn—

118 2590 171 2638 Iins
189 2595 339 2655 appareret
355 2591 440 2639 totius
453 2589 507 2638 Ioci
519 2593 667 2639 structura.
720 2587 811 2653 eydid.
824 2588 875 2645 IV,
889 2588 905 2636 8
919 2593 947 2636 et
960 2588 1018 2647 VII,
1032 2586 1074 2650 sd)
1091 2588 1119 2635 in
1132 2587 1264 2637 burburus

118 2658 256 2735 Namque!
269 2657 397 2723 spedosis
415 2657 515 2723 incipit
535 2671 552 2705 n
574 2657 667 2707 verbis
719 2655 865 2719 (conversi)
876 2670 981 2722 puppes
990 2655 1018 2702 in
1028 2654 1147 2703 medium
1158 2659 1265 2704 contra·

118 2739 274 2843 συμφορήν
290 2739 321 2777 τε
338 2717 502 2783 έποιεῦντο,
521 2726 563 2774 its
576 2730 606 2774 ut
614 2740 669 2801 per
718 2729 831 2783 xerunt3
856 2722 954 2772 deinde
973 2736 1050 2781 vero,
1071 2722 1169 2770 iterum
1186 2722 1265 2785 siguo

119 2808 241 2843 τε-ιια
274 2793 424 2872 iungentur
439 2793 589 2859 participis
607 2786 667 2856 σρέ-
719 2792 783 2841 dato
794 2805 864 2870 epus
883 2788 1038 2855 (proelium)
1056 2789 1182 2853 aggressi
1193 2794 1264 2847 sunt,

119 2876 200 2919 οντες
224 2866 254 2911 et
277 2852 475 2926 insanissent,
502 2875 576 2979 puae
600 2876 666 2910 vero
719 2860 859 2923 inengue
878 2858 1001 2923 quemvis
1018 2856 1080 2906 loco
1099 2857 1222 2906 conclusi
1237 2862 1265 2906 et

138 2931 242 2978 mxime
266 2930 446 2980 antecedunt:
480 2917 615 2986 αἰιοντές
636 2941 666 2978 τι
720 2943 753 2977 ex
783 2927 899 2976 adverse
932 2925 1074 2990 (impetum
1105 2923 1264 2985 facientes).

119 2945 339 3061 ἳστρατεύοντο,
354 3013 387 3046 es
398 2997 432 3047 ud
445 2997 570 3062 protasin
582 2996 666 3061 perti-
718 2994 873 3044 Vernscnle
890 3008 950 3043 enm
968 2993 996 3043 in
1009 2991 1116 3041 modum
1130 2992 1265 3057 expressit

120 3072 218 3128 neunt,
241 3065 335 3115 verbis
358 3054 418 3115 ὅσοι
429 3091 464 3101 -
474 3051 550 3129 ἦσαν
571 3054 667 3114 εὔνοοι
718 3061 855 3127 Langius:
874 3061 1083 3124 ‚Aufdnserste
1095 3060 1203 3109 Zeieten
1215 3076 1264 3108 nnn

122 3133 305 3183 innectenda.
329 3131 384 3182 Ubi
396 3131 512 3198 simplex
524 3147 554 3181 τε
567 3134 607 3182 its
620 3147 667 3197 po·
717 3134 832 3180 steiieten
841 3131 895 3179 siclt
905 3130 946 3178 die
956 3129 1089 3183 Helienen,
1103 3129 1144 3176 die
1153 3126 1265 3176 Sennac-

121 3203 207 3264 nitur‚
225 3206 258 3249 ut
275 3201 357 3259 VIII,
375 3198 400 3252 6.
441 3201 533 3266 Ipsum
550 3199 667 3249 locutio·
718 3197 818 3247 beiden
829 3198 942 3247 Feinden
952 3194 1096 3259 zupeketrt,
1110 3196 1152 3244 die
1162 3193 1266 3259 Spiepei

122 3283 181 3318 neni
199 3262 354 3334 συμφορήν
369 3268 519 3318 ποιεῖσθαι
538 3266 619 3332 attigi
633 3266 668 3317 ud
718 3266 746 3314 in
758 3266 806 3314 der
817 3264 906 3321 Mitte,
918 3263 1138 3328 qepeneinander,
1160 3263 1209 3325 nus
1217 3264 1265 3311 dus

123 3336 157 3399 V,
170 3338 196 3388 5.
232 3335 470 3399 Add.vl11,100.
717 3337 804 3383 zneite
823 3332 930 3382 Zeiclien
946 3336 1007 3396 pina
1029 3345 1069 3388 es,
1093 3329 1207 3393 οογλτίολ
1226 3332 1264 3378 sic

154 3393 247 3455 ὅσοισι
270 3402 303 3455 δὲ
320 3400 369 3454 καὶ
386 3396 552 3470 ἡδομένοισι
575 3389 612 3468 ἦν
636 3394 667 3452 τὸ
720 3415 800 3465 espen
813 3401 892 3450 Rasin
903 3401 1006 3460 butten,
1017 3398 1115 3463 perede
1129 3412 1175 3446 non
1187 3413 1264 3447 verne

123 3465 285 3539 γινόμενον]
309 3473 351 3522 Ad
362 3471 527 3522 locutionem
545 3471 598 3521 vid.
613 3471 667 3519 Hc·
720 3468 801 3531 draus
810 3470 877 3518 los.“
911 3465 1203 3531 Schweighaeuserns‚
1218 3464 1265 3529 qui

124 3541 207 3591 redet.
222 3538 359 3602 Imbet
372 3539 508 3590 Knehner.
523 3540 569 3588 (ir.
584 3538 629 3588 Gr.
643 3539 667 3598 §-
720 3536 784 3585 olim
806 3539 869 3601 post
892 3549 975 3585 voees
1003 3524 1076 3583 nard
1100 3526 1189 3597 στόμα
1214 3532 1265 3581 uli·

123 3608 182 3669 582,
198 3625 222 3659 c.
258 3608 299 3658 Ad
318 3609 479 3674 prenomiun
497 3597 583 3663 αὐτὸς
603 3600 666 3656 Sne·
720 3604 784 3668 quid
807 3600 982 3652 intercidisse
1011 3605 1135 3666 putarat,
1167 3603 1266 3664 postes

124 3689 185 3735 στος
203 3676 276 3727 conf.
290 3677 349 3738 III,
361 3675 394 3725 82
412 3676 505 3740 ibique
521 3679 588 3724 nott.
607 3674 667 3731 vn,
718 3672 771 3720 has
788 3671 863 3736 ipsas
876 3685 959 3719 voces
976 3667 1155 3732 sequentibus
1172 3667 1265 3717 verbis

128 3743 155 3793 III
173 3750 202 3794 et
215 3744 250 3794 ad
264 3744 380 3795 formem
392 3738 536 3809 λάμψεται
549 3746 618 3791 nott.
632 3741 668 3790 ad
720 3740 833 3788 annecti
849 3736 949 3798 voluit,
967 3737 1057 3801 prouti
1075 3736 1103 3783 iu
1119 3734 1190 3783 libre
1201 3733 1264 3783 Fin-

124 3811 171 3873 111,
190 3810 244 3862 14⁰.
282 3813 336 3863 Pro
348 3808 483 3877 βασιλῆος
495 3811 602 3875 reposui
616 3808 666 3875 βα·
718 3807 826 3856 sentino
845 3805 915 3855 haee
934 3804 1062 3869 leguntur
1078 3802 1155 3851 nulle
1167 3802 1264 3851 distin-

125 3874 222 3938 σιλέος.
718 3876 809 3924 ctione
830 3874 936 3939 positu,
959 3873 999 3920 ita
1019 3876 1050 3919 ut
1070 3870 1140 3918 haec
1164 3868 1266 3919 evadet

155 3937 315 4014 Ἀθηναίων
333 3940 388 4013 γαρ
405 3935 518 3998 αὐτοῖσι
533 3939 615 4010 λόγος
630 3930 667 4009 ἦν
718 3944 871 3993 sententis:
895 3946 937 3997 „et
959 3940 995 3989 idi
1016 3939 1121 4002 tripinta
1142 3953 1158 3985 ο
1176 3937 1265 3999 fronte

124 4015 252 4075 πλεῖστος
267 4006 326 4066 nivei
343 4009 378 4065 td
396 4008 587 4080 στρατόπεδα]
607 4014 625 4063 i.
642 4029 665 4063 e.
717 4026 793 4060 nunes
805 4014 926 4073 ceperunt
938 4006 1133 4056 bertmurnm.“
1167 4003 1220 4054 Sed
1236 4005 1265 4053 in

125 4100 180 4133 nan
201 4086 228 4133 in
251 4083 420 4147 (Persarum)
448 4084 564 4134 exercitu
589 4081 667 4131 Iones
717 4079 820 4128 Lexieo
830 4075 987 4125 Herodoteo
1000 4073 1043 4137 (T.
1053 4073 1089 4150 H:
1101 4089 1126 4137 p.
1137 4072 1197 4150 2334)
1210 4070 1265 4121 hue

126 4143 256 4214 (αὐτοῖσι)
273 4155 407 4203 marsinam
419 4151 606 4201 Atheniensium
623 4150 666 4199 Ιια-
718 4146 859 4196 sententie
882 4144 988 4193 reiecta
1010 4155 1084 4191 ιιατα
1107 4153 1197 4204 στομα
1219 4139 1265 4187 de-

126 4218 214 4269 debant
231 4222 367 4281 rationem,
386 4220 490 4269 πανοπε·
500 4217 667 4268 Atheniens-es
718 4229 772 4264 nne
790 4230 807 4262 a
825 4211 1003 4277 sequentibus
1020 4208 1128 4272 seInngi
1147 4212 1175 4256 et
1188 4210 1264 4254 unte-

124 4287 260 4349 suciebnnt.
306 4286 409 4337 similis
437 4285 564 4351 loquendi
595 4286 666 4333 ratio
720 4280 882 4332 cedentibus
900 4277 983 4327 adiici
1002 4275 1075 4337 vult,
1100 4289 1159 4323 cum
1178 4273 1264 4350 Here-

128 4354 177 4418 IV,
197 4355 245 4407 135
260 4357 338 4419 init,
356 4355 404 4405 nbi
417 4354 471 4405 vid.
507 4353 574 4403 Add.
590 4352 666 4413 VIII,
720 4350 799 4400 dotus
809 4347 932 4397 indicere
944 4344 1062 4396 voluerit
1072 4345 1162 4407 inipso
1172 4354 1225 4395 ore,
1238 4338 1264 4388 id

177 4460 337 4503 senonen.
360 4460 402 4503 lv.
1042 4433 1061 4494 2
