2952 5156
439 390 642 451 URANIA.
665 391 755 450 VIII.
778 399 884 454 91191,
1170 398 1230 459 135

111 560 182 653 άνήρ
197 565 322 654 Πέρσης
339 559 490 652 παρεων,
509 560 630 633 τούτου
647 565 708 632 rosi
725 569 920 651 Φοινικηλον
936 561 1070 645 πάθεος.
1109 569 1155 633 01
1167 564 1276 653 μὲν91

112 663 146 752 λη’
166 662 240 754 πρὸς
260 661 337 745 τούς
356 671 515 745 Φοίνικας
539 662 732 753 ἐτράποντο·
759 667 826 734 των
850 665 887 734 δὲ
910 664 1091 755 βαρβάρων
1116 669 1148 746 ἐς
1165 694 1229 754 φο-

110 764 162 853 γήν
182 769 390 855 τραπομένων
413 768 469 835 καὶ
494 765 700 836 ἐκπλεόντων
717 762 798 854 πρὸς
816 761 852 835 sd
872 764 1028 855 Φάληρον
1052 770 1228 856 Αἰγινῆται

109 862 289 947 ὑποστάντες
313 870 350 936 ἐν
371 870 420 960 τῷ
443 870 586 959 πορθμῷ
614 874 694 957 ἔργα
718 862 919 950 ἀπεδέξαντο
948 865 1050 955 λόγον
1073 865 1155 951 άξια.
1197 874 1233 938 ol

108 969 158 1056 μὲν
171 966 229 1057 γάρ
249 964 419 1056 Ἀθηναῖοι
438 972 475 1038 ἐν
497 972 545 1060 τῷ
560 966 702 1061 θορύβῳ
722 967 889 1057 ἐκεράιζον
906 966 964 1049 τάς
983 997 1018 1038 τε
1036 964 1228 1059 άντισταμέ-

108 1098 157 1150 νας
172 1073 222 1140 καὶ
239 1067 296 1151 τάς
314 1068 505 1159 φευγούσας
522 1073 590 1140 των
606 1073 710 1157 νεών,
729 1075 763 1139 cl
780 1070 817 1139 dl
836 1073 1012 1159 Αἰγινῆται
1030 1067 1087 1152 τὰς
1105 1074 1228 1141 iunias-

107 1170 205 1254 οάσας·
227 1168 313 1253 ὅκως
338 1174 379 1241 δέ
397 1199 485 1252 τινες
502 1169 582 1252 rosis
596 1168 797 1261 Ἀθηναίους
816 1170 1031 1260 διαφύγοιεν,
1049 1171 1228 1263 φερόμενοι

107 1385 148 1434 que
160 1371 220 1422 editi
231 1371 336 1421 habent
355 1361 559 1435 προσεβάλετο,
579 1385 634 1420 uno
685 1370 734 1435 ligi
750 1369 837 1420 voluit
849 1370 1052 1431 srisramnom,
1070 1370 1149 1420 simul
1168 1387 1228 1420 cum

106 1445 204 1504 excepto
213 1438 383 1498 Florentino,
399 1438 632 1503 qnihabotuoos·
685 1437 728 1487 his
741 1437 876 1502 supplicio
890 1437 1031 1493 affectum:
1050 1437 1167 1503 indeque
1180 1456 1228 1504 pro

105 1500 233 1571 sicilicis,
252 1523 269 1556 a
281 1505 419 1556 l'allasic
432 1505 567 1555 redditum
580 1507 634 1555 Lu·
684 1501 799 1567 παρεὼν
821 1505 877 1571 legi
898 1505 957 1555 vult
979 1495 1129 1568 άσπαίρων
1147 1512 1175 1555 et
1194 1507 1229 1557 ad

105 1574 162 1623 tine:
190 1611 204 1635 „
212 1579 269 1640 quin
293 1575 369 1624 etiam
392 1574 463 1623 cincii
481 1574 632 1623 Phoenicum
684 1574 820 1637 genitivos
843 1566 946 1623 τοάτον
963 1572 1013 1623 τοῦ
1031 1564 1143 1631 πάθεος
1166 1589 1227 1640 sup-

105 1643 139 1705 qui
153 1643 267 1699 aderunt,
286 1643 392 1691 additus
403 1648 441 1690 est
454 1642 631 1702 Ariaramncs,
683 1640 754 1704 pleri
773 1634 869 1690 ἕνεκαε
899 1642 958 1705 quia
974 1641 1075 1690 abscisus
1092 1647 1150 1690 erat
1172 1642 1229 1692 ltuic

104 1726 229 1775 mannaan
241 1710 448 1772 maimureyisf‘
479 1710 556 1769 Quae
570 1724 631 1758 cum
683 1708 832 1758 Phoenicum
855 1710 1002 1757 calamitati.
1044 1708 1122 1768 Quae
1147 1723 1229 1772 quam

104 1778 139 1826 sir
159 1778 321 1828 satisfacere
345 1782 470 1841 possent,
499 1775 631 1826 lleiskius
683 1774 764 1840 longe
783 1776 886 1824 abeant
904 1775 939 1823 ab
952 1774 1129 1837 Herodotus,
1148 1791 1228 1826 nemo

103 1845 203 1893 coniecit
225 1839 445 1910 προσελάβετο,
470 1843 550 1909 idque
576 1844 630 1893 ism
683 1857 737 1892 non
750 1844 844 1892 sentit.
874 1844 951 1892 Inter
962 1842 1130 1892 recentiores
1144 1842 1228 1893 adito-

102 1910 268 1977 ll'esselingio
298 1911 445 1975 probatum
474 1926 534 1960 cum
564 1912 631 1959 Bor·
682 1910 875 1959 rcslllntthiac
894 1916 1000 1975 qusque
1018 1910 1228 1973 retinuitsrooo-

103 1977 199 2039 hechia,
212 1978 488 2043 Schweighaeusem,
506 1977 629 2028 Gaissor-
682 1971 813 2042 εβάλετο,
832 1977 902 2042 quod
921 1977 1130 2042 slclesrdi'posse
1148 1984 1229 2042 putat

103 2044 148 2105 dio,
160 2048 265 2113 Negris,
285 2045 474 2111 recipiendum
487 2046 565 2109 (luxi,
582 2063 630 2110 ge·
681 2045 820 2096 locutione
837 2046 904 2095 Euri
926 2045 963 2094 iu.
976 2045 1048 2095 Med.
1061 2043 1227 2111 ελσεωηερε.

102 2114 185 2165 allisos
196 2110 300 2165 τούτου
313 2111 365 2163 τοῦ
377 2104 490 2171 πάθεος
506 2113 631 2163 referens
682 2106 872 2178 ξυμβάλλεται
886 2062 925 2163 dl
928 2104 1017 2164 πολλά
1030 2110 1116 2163 τοῦδε
1129 2110 1227 2178 δείμα-

102 2181 245 2232 adverbum
262 2174 470 2245 προσελάβετο.
496 2181 567 2243 quod
584 2198 629 2230 eo·
681 2196 737 2239 τος.
784 2181 944 2241 Belslrerus,
975 2196 1053 2247 quern
1077 2187 1229 2246 sequuntur

102 2248 149 2298 dea
164 2250 218 2300 iere
235 2250 332 2312 modo,
356 2264 409 2313 quo
426 2242 630 2313 προσεπιλαβέ-
682 2248 807 2300 Dindors.
818 2255 845 2297 et
855 2249 990 2311 Dietsch.,
1005 2248 1142 2299 exhibuit:
1156 2242 1227 2311 πρὸς

101 2316 157 2367 σθαι
169 2318 203 2379 V,
216 2319 248 2367 tt
266 2317 379 2367 οο11.45
398 2322 425 2366 et
438 2307 629 2381 ἐπιλαβέσθαι
682 2310 719 2366 ds'
736 2332 768 2366 τι
788 2309 994 2383 προσεβάλετο,
1013 2332 1073 2366 cum
1086 2309 1227 2381 προσβάλ-

102 2384 137 2445 VI,
146 2384 176 2436 49
186 2385 229 2435 hic
243 2385 371 2435 adhiberi
385 2384 508 2444 credam,
522 2385 628 2434 eodem·
680 2383 783 2433 icadas
793 2400 818 2432 τι
832 2383 972 2449 significet
982 2385 1111 2434 uindicare
1120 2384 1170 2434 sibi
1181 2388 1227 2435 ati-

101 2468 141 2517 que
161 2454 274 2504 reseram
300 2468 369 2517 quos
391 2451 509 2501 aderunt
525 2452 626 2502 Aristo-
680 2452 756 2517 quid‚·
785 2457 816 2500 ut
839 2450 894 2501 loci
917 2450 1056 2500 sententia
1080 2451 1151 2501 haec
1176 2453 1226 2502 sit:

101 2515 625 2584 phanislocosePacelltnoosioidecds,
680 2519 868 2580 ‚‚Ariarnncncs
890 2518 940 2567 sitii
959 2525 1058 2581 partem
1076 2521 1227 2569 faternitatis

102 2588 305 2652 qundScholium
320 2587 443 2653 explicat
455 2580 631 2652 βοηθήσατε)
683 2587 833 2636 Phoenicum
854 2587 1000 2643 viralicnuit,
1024 2586 1041 2635 i.
1060 2602 1084 2635 c.
1107 2585 1146 2635 ad
1166 2601 1227 2635 earn

102 2655 325 2721 cttysisuntsffl
336 2653 512 2720 (προσλαβοῦ
521 2670 570 2719 μοι
580 2653 630 2705 τοῦ
682 2653 855 2704 inferendam
878 2652 1003 2703 nonnihil
1024 2651 1174 2702 contulisse
1197 2668 1226 2703 se

101 2716 217 2787 πάρισα),
242 2726 283 2775 ita
302 2728 333 2773 ut
350 2723 420 2773 haec
438 2723 496 2772 lere
516 2725 632 2773 exsistat
682 2721 885 2787 praedicavit.“
903 2720 1227 2783 QuaeDietschiiinter-

101 2788 143 2840 loci
157 2794 308 2843 sententia:
331 2792 373 2841 Ac
393 2797 534 2855 praeterea
553 2793 629 2841 Aria·
682 2790 804 2855 protasio
819 2790 853 2839 ab
867 2789 934 2854 ipsis
947 2788 1039 2838 verbis
1052 2787 1227 2845 llerodoteis‚

100 2875 182 2911 sauses
198 2876 295 2928 quoque
313 2860 384 2909 nutus
399 2860 550 2908 Phoenicum
561 2865 629 2908 stra·
682 2858 727 2907 vcl
746 2858 769 2906 si
788 2857 910 2906 retineas
927 2849 1133 2922 προσεβάλετο,
1159 2855 1226 2905 mihi

100 2931 130 2987 stu
145 2937 239 2991 partem
259 2927 365 2988 tabuit,
391 2928 435 2992 qui
449 2928 633 2990 disceptationi
683 2923 776 2975 aliena
799 2924 920 2986 videtur;
944 2924 1035 2974 Eltsio
1058 2923 1184 2985 (Jahrbb.
1206 2923 1226 2973 f.

101 2996 180 3058 edint,
198 2996 305 3047 Ionibus
321 3011 375 3045 cum
392 3001 460 3045 esset
476 2998 570 3044 animus
586 3009 629 3044 eo·
682 2991 819 3058 Philolog.
833 2992 869 3042 Su
890 2993 926 3057 pl.
939 2992 986 3042 IX.
1006 3007 1070 3057 pag.
1084 2989 1143 3054 341)
1162 2990 1227 3040 reti-

102 3078 185 3129 usque
196 3081 298 3115 causam
308 3064 367 3113 inde
377 3068 466 3128 ayeret
475 3078 560 3113 coram
571 3077 632 3127 τερα
683 3061 761 3110 nenti
778 3010 967 3125 προσεβάλετο
985 3060 1059 3109 haud
1071 3074 1139 3125 opus
1152 3058 1226 3108 vide-

101 3131 209 3181 stl’ersa
229 3133 329 3197 ltaque
343 3130 378 3180 ad
391 3130 475 3196 φίλος
489 3120 543 3180 ἐάν
556 3131 631 3194 equi·
684 3133 727 3177 tur
745 3121 815 3192 πρὸς
833 3120 865 3178 δὲ
884 3122 924 3179 ἔτι
943 3134 1048 3177 mutare
1065 3128 1093 3176 in
1110 3120 1181 3190 node
1194 3124 1226 3176 δε

102 3196 149 3246 λεια
160 3199 337 3263 subintellige
349 3197 405 3248 τῶν
420 3191 535 3261 Ἰάνων,
561 3197 632 3262 quod
683 3212 718 3245 τι.
755 3195 869 3246 Sensum
898 3196 953 3245 loci
982 3200 1057 3245 certe
1083 3199 1227 3244 assecutus

101 3272 177 3316 tanen
188 3273 216 3315 ut
228 3266 318 3317 textui
332 3267 483 3324 inseratur,
503 3265 631 3330 quemad·
683 3264 807 3329 Longius
820 3263 969 3313 vernacule
981 3262 1051 3312 haec
1065 3262 1106 3312 ita
1118 3277 1226 3327 cupres-

101 3332 191 3383 nodum
211 3335 360 3399 placuerat
380 3333 533 3383 Abreschio
551 3332 631 3383 Dilu·
684 3332 733 3381 sit:
759 3332 934 3393 „Aicsserdem
951 3331 1014 3380 uber
1030 3336 1089 3393 trun
1105 3328 1229 3378 aucnviet

101 3399 159 3451 cidd.
182 3402 323 3467 'Ihueydd
344 3417 408 3467 pag.
434 3400 494 3461 112,
520 3401 630 3450 minimo
683 3401 748 3449 ctazu
766 3399 806 3449 dci
818 3400 999 3459 Ariaramucs‚
1017 3401 1057 3446 ein
1070 3398 1167 3445 I'crser
1180 3412 1227 3446 uon

100 3467 192 3519 ridetur
213 3471 413 3521 necessarium.
460 3470 518 3519 Nec
549 3467 632 3518 aliter
683 3466 778 3516 tieburt
799 3468 851 3515 send
868 3467 972 3515 t'ccnml
992 3466 1040 3515 cicc
1060 3463 1154 3526 Ioner,
1179 3465 1227 3513 der

100 3533 247 3602 ltumting.
257 3538 351 3588 locum
363 3542 406 3587 est
417 3537 630 3602 interpretatus:
681 3535 722 3584 bei
733 3536 828 3584 diesem
844 3533 957 3598 Unalsick
969 3533 1017 3582 der
1029 3532 1053 3581 F
1051 3531 1142 3581 dniker
1153 3547 1226 3596 ταρα-

101 3602 310 3664 „driaramnem,
329 3605 382 3661 ait,
400 3605 488 3654 virum
505 3605 628 3667 Persam,
679 3619 728 3667 aen
739 3603 822 3652 mac.“

100 3668 181 3722 losum
193 3674 321 3733 amicum,
335 3687 396 3723 cum
405 3687 538 3737 praesens
550 3671 629 3722 ades·

101 3742 146 3797 set,
162 3740 349 3792 calamitatem
366 3739 444 3790 illam
461 3739 629 3790 Phoenicum
875 3769 933 3819 CM,
960 3769 1020 3819 XCI

101 3805 225 3859 adiutasse
242 3807 448 3870 criminando;“
467 3808 548 3872 inque
566 3823 630 3857 ean·
818 3864 824 3881 Ι
936 3805 941 3818 “
1023 3804 1029 3818 '

101 3871 325 3927 denseatentism
339 3876 422 3925 etism
438 3891 504 3925 acce
526 3875 629 3924 ithace
715 3863 902 3937 ὑποσταντες]
933 3872 959 3920 in
982 3871 1100 3920 subsidiis
1123 3885 1145 3918 s.
1167 3872 1226 3920 insi·

101 3941 353 3995 scrhsLarcherus.
393 3943 471 4005 Quod
489 3892 554 3992 olim
571 3941 629 3992 vul·
681 3943 732 3992 diis
759 3947 857 3991 stantes
886 3938 976 3988 reddit
1003 3937 1226 4001 Schweighaeus.

102 4014 181 4122 ἔτεσιν
194 4018 253 4062 erat
265 4003 469 4078 προσεβάλετο,
484 4016 631 4060 tensserunt
684 4024 848 4074 comparans
860 3999 980 4063 ὑπείσας
991 4006 1043 4068 ΙΙΙ,
1059 4004 1115 4056 tas.
1128 4005 1164 4062 V,
1180 4003 1228 4054 103

118 4075 221 4129 chastes
233 4085 261 4130 et
273 4079 386 4130 Schultz
400 4077 458 4144 (qui
469 4078 632 4143 interprete·
685 4080 724 4139 (in
739 4077 840 4126 insidiis
854 4072 1001 4153 collocans).
1042 4071 1158 4138 Propius
1173 4071 1227 4121 hnc

102 4146 138 4191 lus
153 4154 203 4195 est:
226 4149 331 4212 τ’πταρττ
348 4150 423 4197 etiam
433 4173 468 4183 -
479 4148 582 4198 contum
599 4147 635 4196 aci
685 4146 756 4194 fucit
768 4145 804 4205 V,
817 4142 860 4193 02.
872 4142 925 4204 §.7
943 4140 1111 4207 υποστῆσαι,
1129 4143 1155 4190 in
1168 4142 1228 4189 insi-

103 4212 158 4260 ίλει
169 4214 445 4277 Paestanum),
459 4215 579 4277 itemque
592 4219 633 4264 te·
684 4215 734 4263 diis
746 4216 888 4263 collocare:
901 4226 953 4275 quo
967 4209 1060 4259 eodem
1075 4209 1132 4257 lere
1144 4221 1227 4256 sensu

102 4279 153 4328 nuit
163 4281 290 4333 Bothius:
306 4283 420 4334 Annott.
434 4282 468 4332 ad
480 4283 592 4333 Terent.
605 4299 632 4347 p.
683 4271 845 4347 ὑποστήσας
878 4280 906 4329 iu
935 4276 1125 4342 Xenophontis
1153 4274 1226 4353 Πλεῖξ

103 4341 156 4409 illd,
173 4348 217 4398 ubi
234 4350 402 4402 Phoenicum
420 4351 536 4401 amicum
554 4349 633 4399 intel·
685 4348 784 4399 Graec.
798 4348 847 4406 lv,
866 4346 945 4409 lau.
980 4346 1023 4395 De
1037 4340 1225 4410 portnnrodsxs
