2866 5134
343 352 400 411 DE
422 352 526 411 VITA
548 351 605 410 ΕΤ
625 350 818 413 SCRIPTIS
840 351 1075 412 HERODO'I'I.
1220 361 1280 421 453

137 541 200 577 men
216 542 270 577 uon
287 525 403 577 humana
416 527 521 574 tantum
537 523 630 592 specie
647 523 814 592 praeditum,
835 523 885 576 sed
903 524 1027 577 humanis
1043 542 1153 596 qaoque
1175 528 1280 579 affecti-

137 611 192 661 bus
208 608 328 661 deditum
351 602 568 677 proponatur*).
597 608 673 660 Haec
694 608 727 660 de
752 607 888 676 Aeschylo
905 609 1061 675 sufficiant,
1088 628 1167 680 quem
1192 613 1281 680 ipsam

135 695 280 747 Herodoto
301 693 440 761 cognitum
460 693 549 745 luisse
571 693 641 745 satis
663 693 827 760 ostendunt,
850 710 921 763 quae
936 695 973 762 Il,
999 697 1048 748 156
1063 695 1212 764 leguntur,
1235 699 1281 749 ubi

136 777 293 846 Aeschylus
308 777 495 846 Euphorionis
518 777 592 830 filius
608 777 685 830 solus
705 779 777 830 inter
797 779 895 847 poitas
912 781 1018 848 priores
1034 779 1146 832 Dianam
1167 781 1280 836 Cereris

136 863 219 918 filiam
234 864 338 916 dixisse
359 862 534 931 perhibetur:
559 863 585 914 id
611 880 666 932 qua
683 862 710 915 in
727 863 820 915 sabula
838 862 939 915 dixerit
955 865 1037 932 poeta
1052 866 1205 919 nescimus:
1229 887 1280 920 nec

135 949 225 1018 magis
251 948 369 1012 dixeris,
397 964 459 1000 num
482 947 584 1000 Persas
613 948 717 1000 Noster
742 948 921 1016 cognoverit3
946 946 1049 1001 nullum
1075 951 1145 1003 enim
1175 953 1279 1019 uspiam

136 1034 286 1103 vestigium
300 1032 432 1086 cernitur.
462 1032 537 1095 Quid
554 1034 696 1103 Sophocles
710 1032 743 1085 de
761 1033 810 1085 hac
828 1032 931 1086 inuidis
946 1034 1068 1100 deorum,
1084 1052 1155 1104 quae
1167 1035 1278 1105 dicitur,

135 1119 268 1187 senserit,
292 1126 402 1188 praeter
428 1118 496 1170 alios
516 1117 611 1170 docuit
625 1116 752 1170 Lfibker:
779 1117 907 1188 Sophocl.
932 1117 1067 1187 Theolog.
1096 1136 1123 1173 u.
1144 1121 1231 1173 Ethik
1257 1123 1280 1178 I.

134 1222 163 1274 p.
180 1207 213 1257 57
234 1222 323 1275 seqq,
343 1220 431 1273 neque
446 1203 512 1254 haec
531 1202 620 1256 aliena
635 1209 701 1255 sunt
716 1203 749 1254 ab
762 1203 813 1269 iis,
834 1219 905 1274 quae
921 1203 1091 1257 Herodotum
1109 1222 1200 1258 secum
1222 1214 1278 1260 sta-

134 1289 227 1342 tuisse
242 1305 328 1358 supra
344 1288 529 1356 exposuimus,
562 1288 638 1351 Quin
653 1288 687 1339 ad
703 1289 855 1358 Euripidem
870 1287 967 1340 similia
983 1290 1128 1343 transiisse
1149 1291 1278 1345 videntur

133 1375 270 1427 dicentem
292 1374 320 1425 in
340 1372 442 1424 Alcest'.
467 1375 547 1425 1135:
569 1366 708 1442 φθόνος
728 1368 758 1427 di·
772 1367 810 1442 μὴ
832 1370 938 1441 γένοιτο
948 1392 990 1435 τις
1004 1376 1092 1441 θεῶν,
1108 1384 1136 1427 et
1150 1375 1276 1445 Iphigen.

133 1459 162 1510 in
181 1458 273 1510 Aulid.
290 1460 367 1511 1097.
382 1451 421 1527 μή
435 1477 477 1519 τις
491 1458 569 1511 θεῶν
591 1451 729 1527 φθόνος
753 1454 888 1531 hoff).
919 1458 1018 1528 Neque
1033 1477 1099 1512 vero
1115 1461 1165 1512 hoo
1173 1468 1277 1532 sutum,

134 1542 217 1613 quale
233 1543 285 1595 sibi
308 1542 491 1595 constituerat
505 1542 680 1609 Herodotus,
700 1561 817 1613 prorsus
833 1544 963 1596 convenit
984 1552 1184 1614 comsummata,
1207 1563 1278 1616 quae

134 1626 219 1695 vulgo
239 1628 356 1693 dicitur,
379 1627 556 1698 quantumvis
577 1627 695 1680 subinde
722 1630 868 1698 utriusque
891 1628 966 1680 notio
988 1629 1120 1681 confundi
1146 1636 1173 1682 et
1197 1631 1277 1700 quasi

132 1712 292 1766 coalescere
313 1711 449 1764 videatur.
478 1712 603 1782 Namque
624 1712 651 1763 in
671 1720 784 1779 fortuna
810 1706 906 1784 (τύχη)
931 1712 1005 1766 inest
1029 1716 1168 1767 temeritas
1193 1722 1276 1785 atque

130 1798 336 1864 inconstantia3
360 1795 387 1848 in
403 1802 467 1866 soto
493 1797 645 1849 necessitas
670 1806 857 1867 aeternusque
881 1797 925 1850 ille
950 1815 1039 1851 rerum
1057 1800 1116 1852 sive
1132 1817 1276 1853 causarum

130 1900 233 1948 nexus,
252 1900 307 1953 quo
330 1881 364 1933 ud
380 1881 491 1935 divinae
507 1883 605 1934 mentis
626 1883 660 1935 ab
676 1882 755 1935 initio
777 1883 843 1935 haec
865 1883 898 1934 ad
916 1891 1018 1936 certum
1034 1885 1156 1937 ordinem
1173 1887 1275 1937 consti-

128 1967 239 2021 tuentis
253 1968 306 2019 vim
324 1966 412 2019 omnia
427 1966 455 2019 in
473 1985 562 2020 rernm
577 1974 675 2020 natura
691 1974 867 2020 revocantur.
883 1968 981 2020 Fatum
1002 1969 1090 2035 igitur
1105 1977 1136 2021 ut
1154 1973 1275 2023 necessi-

127 2061 216 2105 tatem
233 2051 271 2105 ite
283 2058 396 2105 mentem
412 2069 523 2122 quoque
543 2052 662 2104 divinam
678 2052 873 2122 quodammodo
889 2052 917 2104 in
940 2071 970 2105 se
986 2053 1124 2120 continet,
1141 2054 1175 2106 ad
1196 2072 1275 2124 quam

127 2155 173 2205 ea,
192 2155 264 2207 quse
278 2138 305 2190 in
326 2137 456 2189 universa
472 2145 571 2190 natura
588 2138 658 2189 liunt
672 2155 759 2206 aeque
775 2145 859 2207 atque
878 2155 919 2203 eo,
942 2155 1012 2208 quae
1027 2139 1146 2207 singulis
1163 2140 1275 2192 homini-

126 2224 186 2274 bus
200 2223 338 2289 accidunt,
357 2224 515 2274 referantur
529 2240 644 2275 necesse
660 2220 789 2290 est***);
806 2225 934 2275 fortunae
950 2223 1024 2275 notio
1041 2241 1111 2291 vaga
1133 2232 1217 2294 utque
1234 2226 1277 2277 in-

127 2314 265 2360 constans
284 2325 338 2359 non
357 2306 441 2359 certis
467 2306 569 2359 tinibus
595 2307 769 2373 continetur,
791 2325 841 2359 nec
863 2307 924 2377 ipsa
945 2316 1048 2360 certum
1071 2317 1148 2361 tenet
1169 2310 1276 2363 modum

128 2393 321 2463 ordinemque.
355 2391 478 2459 Insignis
504 2392 574 2444 hanc
600 2392 627 2443 iu
655 2409 710 2443 rem
726 2389 804 2443 locus
825 2400 916 2445 exstat
932 2392 978 2460 lx,
996 2396 1046 2445 ul:
1068 2393 1121 2447 sits
1139 2389 1275 2465 κλῃδόνος

130 2478 239 2532 εἵνεκεν
261 2506 304 2516 --
328 2476 382 2530 εἴτε
408 2473 465 2530 καὶ
497 2471 585 2530 κατὰ
609 2478 821 2548 συντυχίην,
855 2477 944 2530 θεοῦ
969 2479 1175 2546 ποιεῦντος,
1205 2480 1272 2533 adeo

134 2563 223 2616 atrei
240 2580 288 2628 ea,
310 2579 381 2631 quae
408 2561 520 2614 fortuni
544 2561 604 2614 lieri
624 2561 817 2629 videantur,a
837 2562 890 2614 diis
908 2562 989 2614 allata
1005 2571 1053 2615 snt
1068 2564 1166 2616 eliectu
1181 2565 1273 2633 perhi-

137 2647 260 2701 beantur.
293 2646 362 2699 Cum
383 2646 453 2699 euim
477 2665 512 2698 ne
532 2649 644 2700 fortuma
666 2646 775 2716 quidem
795 2646 904 2699 divinae
922 2648 1020 2700 mentis
1036 2666 1152 2718 prorsus
1174 2668 1274 2719 expers

133 2732 179 2797 sit,
201 2733 273 2798 hinc,
292 2731 406 2801 opinor,
430 2732 531 2784 dicitur
548 2733 615 2801 θείη
629 2725 697 2800 τύχη
720 2729 1033 2798 [V‚s‚0011.111‚153‚
1063 2734 1109 2785 ubi
1139 2736 1175 2786 cl.
1203 2741 1271 2786 nott.

128 2866 330 2874 —.-·--——-

198 2927 225 2993 l³)
243 2929 306 2979 Vid.
318 2930 489 2995 potissimum
502 2947 527 2996 p.
541 2930 604 2989 254,
622 2930 669 2980 uhi
682 2931 754 2980 inter
767 2929 823 2980 alta
835 2930 905 2980 haec
918 2934 1088 2981 statuuntur:
1108 2933 1186 2993 „Der
1198 2935 1269 2997 gutt-

126 2998 204 3049 Iicho
223 2994 339 3061 φθόνος
357 2999 403 3048 bei
420 2998 544 3048 Herodot
561 2999 616 3048 und
633 2999 679 3048 bei
696 2998 847 3062 Aeschylos
865 2998 926 3048 sind
945 2998 1004 3049 also
1022 3002 1089 3049 anei
1109 3000 1270 3050 wesentlich

125 3065 332 3117 verschiedene
351 3067 441 3130 Dinge
454 3063 505 3132 [ης
530 3067 576 3117 bei
594 3067 718 3117 Herodot
732 3066 769 3116 ist
786 3083 816 3116 es
833 3067 878 3116 ein
896 3066 1107 3130 sifersiichtiger
1123 3069 1270 3131 Egoismus

122 3133 202 3185 nach
216 3133 430 3183 menschlichem
443 3134 555 3195 Muster,
569 3135 614 3184 bei
625 3133 777 3197 Aeschylos
791 3134 851 3184 eine
864 3134 1124 3199 Aeussernngssorm
1138 3136 1185 3185 dos
1198 3140 1271 3202 guu-

122 3202 225 3253 lichen
238 3200 482 3266 Rechtsgeiiihls.“
518 3202 599 3254 Conl.
612 3204 697 3251 etism
709 3219 735 3267 p.
748 3201 807 3252 234.

197 3266 239 3331 fl)
257 3269 362 3319 Eadem
374 3269 515 3319 sententia
526 3285 590 3320 vere
605 3270 713 3319 Graeca
725 3270 771 3320 vel
785 3271 819 3319 IIs
832 3270 946 3320 subesse
958 3270 1079 3329 videtur,
1099 3286 1168 3335 quse
1181 3272 1270 3321 Livius

121 3336 279 3388 Camillum
291 3342 450 3402 precantem
464 3338 544 3396 iecit,
564 3341 614 3398 „ut
629 3339 652 3387 si
665 3338 710 3387 cai
722 3336 832 3387 deorum
849 3336 1041 3403 hominumque
1054 3339 1139 3387 nimia
1152 3354 1202 3388 sua
1214 3340 1268 3388 ior-

120 3412 198 3456 tuna
209 3404 358 3470 populique
372 3404 488 3454 Romani
500 3404 646 3463 videretur,
660 3410 690 3453 ut
703 3421 763 3454 eam
776 3406 892 3455 inuidiam
904 3405 990 3455 lenire
1004 3421 1084 3497 quam
1098 3408 1208 3455 minimo
1220 3422 1269 3458 suo

119 3475 296 3541 privatoque
310 3473 478 3523 incommodo
490 3472 655 3537 publicoque
668 3471 762 3537 populi
775 3473 891 3521 Romani
904 3473 1009 3522 liceret.
1025 3474 1031 3497 ‘
1062 3473 1109 3535 (V,
1123 3474 1175 3535 21).

197 3537 252 3600 ⁴³⁸)
270 3541 312 3589 Tu
331 3540 386 3591 vid.
405 3556 474 3605 quae
497 3546 627 3590 accurate
650 3540 684 3590 de
701 3540 744 3589 his
762 3541 889 3605 exposuit
906 3540 1026 3605 Philipp.
1044 3541 1101 3592 Iac.
1120 3543 1219 3607 Ditges
1241 3544 1269 3592 iu

118 3612 315 3674 Progrsmm..
335 3608 405 3673 quod
423 3608 524 3674 prodiit
537 3608 742 3658 Confluentibus
758 3606 834 3656 1842:
858 3609 920 3670 „De
934 3608 999 3657 Fati
1017 3609 1088 3673 apud
1102 3610 1269 3660 Herodotum

119 3676 272 3738 rstioue‚“
291 3676 414 3741 pluribus
431 3676 636 3739 demonstrans,
655 3682 785 3740 quantum
803 3675 873 3725 haec
890 3676 1024 3725 Herodoti
1042 3680 1182 3726 sententia
1201 3679 1268 3739 „eb-

118 3746 243 3796 horreat
259 3744 294 3793 ab
313 3744 436 3795 obscuris
454 3743 617 3809 quibusdam
636 3743 811 3809 opinionibus
825 3743 858 3792 dc
873 3743 925 3792 fati
938 3745 1078 3793 cuiusdam
1092 3746 1120 3794 vi
1133 3762 1149 3795 u
1162 3746 1215 3795 diis
1226 3762 1268 3796 se-

120 3816 228 3863 iuncta
242 3818 282 3870 et,
296 3826 377 3876 quarn
390 3813 444 3877 ipsi
457 3812 496 3861 dii
509 3812 621 3871 luerInt,
634 3812 782 3877 superiore,
796 3816 826 3860 ut
838 3810 882 3861 vel
896 3813 1094 3876 cognatissima
1107 3814 1143 3863 sit
1155 3820 1267 3864 nostrae

118 3884 250 3948 ipsorum
269 3880 301 3929 de
320 3880 414 3929 divina
431 3880 596 3929 auctoritate
610 3879 786 3929 sententiae“
806 3876 843 3943 (p.
860 3877 910 3933 lul.
941 3880 992 3928 His
1006 3880 1081 3939 add,
1102 3897 1172 3945 quae
1186 3898 1266 3946 expo-

118 3950 184 4000 suit
202 3947 229 3997 J.
249 3947 283 3998 H.
301 3947 487 3997 Lindemann:
511 3947 629 4008 „Ueber
650 3948 697 3997 des
715 3946 840 3996 Herodot
863 3946 992 4012 religiose
1012 3947 1219 3998 Weltausicht“
1239 3951 1267 3998 in

117 4018 201 4067 libro
214 4014 260 4079 qui
272 4014 447 4065 inscribitur:
460 4016 546 4077 „Vier
554 4014 774 4080 Abhandlungen
786 4014 854 4064 iiber
866 4016 911 4065 die
922 4015 1172 4081 religios-sitiliehe
1183 4017 1267 4066 Welt-

118 4083 313 4147 anschauung
328 4082 377 4132 des
389 4083 524 4141 Herodot,
542 4082 718 4146 Thucydides
734 4098 761 4132 u.
774 4083 927 4148 Xenophon
945 4084 1266 4147 u.den1‘rag1natismus

118 4154 175 4203 des
196 4149 359 4213 Polyqus.“
382 4150 488 4210 (Berlin
507 4148 582 4209 1852)
601 4165 664 4215 pag.
683 4149 715 4199 10
731 4166 806 4215 seqq.
843 4150 1003 4216 Comparari
1021 4167 1080 4200 carm
1098 4152 1141 4200 his
1160 4167 1265 4216 quoque

117 4223 270 4287 poterunt,
290 4233 361 4283 quae
379 4219 413 4269 de
432 4220 491 4269 isto
504 4220 602 4268 statuit
613 4219 763 4284 Procopius
778 4219 812 4267 ad
825 4219 959 4268 Herodoti
970 4219 1122 4269 doctrinam
1136 4220 1264 4284 quodam-

117 4285 208 4340 modo
227 4286 377 4349 secedens3
395 4287 450 4338 vid.
467 4285 574 4336 Teuffel
593 4287 633 4335 in:
653 4286 776 4337 Schmidt
793 4286 955 4336 Zeitsehrilt
973 4287 992 4336 f.
1012 4286 1170 4337 Geschicht.
1188 4287 1263 4337 VIII.

118 4371 192 4422 pag.
205 4354 240 4403 70
251 4369 327 4419 seqq.
