2952 5156
457 403 663 468 URANIA.
687 407 777 467 VIII.
799 415 844 470 73.

1159 413 1221 473 107

84 579 197 665 μοῦνοι
216 576 304 647 εἶναι
318 573 448 666 Ἴωνες,
468 580 743 669 ἐκδεδωρίευνται
763 579 800 648 δὲ
817 573 883 648 ὑπό
900 607 936 649 τε
951 576 1108 669 Ἀργείων
1125 576 1221 671 ἀρχό-

84 793 108 842 p.
119 776 174 839 47),
193 777 268 842 qnod
283 777 317 826 ah
330 777 440 842 Argivis
452 776 567 841 Cynnrii
579 777 624 827 de·

84 844 210 894 scendere
223 846 352 894 dicuntur
365 846 529 895 aPausania
540 841 624 907 nlla.

85 914 105 973 ξ.
117 911 133 962 3
144 912 208 963 coll.
223 912 320 978 Steph.
334 914 401 977 Byz.
414 929 436 963 s.
448 930 474 964 v.
488 909 624 978 Κύνουρα

84 997 108 1044 p.
122 979 183 1041 491,
206 980 237 1030 id
261 980 296 1030 ab
313 980 425 1046 Argivis
441 982 481 1031 ita
502 980 624 1032 effictum

84 1046 149 1110 rull,
173 1048 295 1113 probare
313 1048 486 1099 studentibus
506 1065 575 1098 suam
593 1049 624 1098 ab

83 1117 147 1166 initio
159 1116 249 1166 fnisse
264 1117 399 1180 Cynurim
416 1115 460 1178 (de
474 1117 551 1167 cuius
564 1133 623 1182 pos-

83 1185 199 1233 sessione
228 1190 364 1250 perpetno
394 1184 453 1234 fere
477 1186 622 1235 contende·

82 1256 139 1301 rant
154 1268 216 1301 cnm
236 1252 408 1313 Laconibus,
427 1257 498 1302 teste
516 1253 624 1316 Thucy-

83 1319 138 1369 dide
156 1320 193 1382 Υ,
214 1318 264 1381 44,
288 1320 336 1369 ubl
358 1319 430 1369 cons.
448 1320 623 1384 interpreti),

82 1403 136 1436 cum
153 1387 272 1451 Cynurii
292 1403 390 1438 revera
407 1388 561 1438 Arcadibus
583 1403 624 1437 es-

82 1461 137 1504 sent
152 1457 283 1520 cognati:
303 1455 527 1520 quemadmodum
541 1456 625 1505 etiam

82 1522 235 1573 Herodotus
258 1528 285 1572 et
303 1523 425 1573 Arcades
447 1529 475 1573 et
492 1523 625 1587 Cynurios

82 1590 263 1656 Peloponnesi
272 1581 456 1655 αὐτόχθονας
464 1591 542 1640 dixit.
558 1590 624 1641 Cum

82 1657 200 1709 hisvero
221 1660 350 1723 quoniam
368 1660 457 1708 minus
474 1675 625 1723 congruere

82 1726 237 1787 ridebatur,
258 1726 328 1791 quod
346 1726 372 1775 h.
387 1726 404 1776 l.
426 1727 459 1775 ab
476 1727 571 1777 eodem
583 1727 623 1776 hi·

82 1797 179 1844 storiae
198 1800 280 1860 patre
299 1794 382 1843 iidem
400 1794 513 1857 Cynurii
531 1795 625 1844 dicun·

82 1866 119 1910 tur
132 1866 184 1913 soli
200 1878 264 1912 esse
282 1862 388 1912 Ionicae
406 1864 508 1927 stirpis,
531 1863 560 1912 in
576 1878 624 1913 ra·

81 1931 131 1979 rias
140 1930 302 1980 inciderunt
313 1932 496 1980 coniecturas.
509 1930 624 1981 Bothius

82 1998 110 2046 ad
120 1999 234 2048 Terent.
248 2002 353 2047 anuott.
363 2014 427 2063 pag.
438 1997 489 2047 466
496 2015 544 2064 pro
555 1996 624 2061 μοῦ-

81 2080 121 2115 ror
129 2066 187 2131 legi
198 2059 319 2130 vultpiv
328 2051 368 2115 oin
379 2057 408 2145 ἐξ
417 2060 536 2130 αἰῶνος,
547 2067 624 2116 Reis-

81 2132 136 2183 tius
153 2142 317 2183 correxerat
334 2131 464 2183 doueovm
486 2129 549 2199 μέν
566 2150 624 2200 μοι

82 2195 150 2252 εἶναι
161 2192 277 2261 Ἴωνες,
296 2201 478 2264 Valckenar.,
497 2203 541 2252 cui
557 2203 624 2251 Lar·

82 2268 147 2320 cher.
162 2269 291 2319 aceedit:
316 2264 447 2319 δοκέουσι
466 2263 518 2334 μὲν
537 2261 625 2327 ἐνίοις

83 2327 269 2397 εἷγαιἸωνες,
284 2352 336 2400 quo
349 2336 417 2386 nihil
431 2338 624 2387 inconvenien-

82 2406 129 2455 tius
150 2405 220 2471 fingi
244 2405 366 2470 potuisse
389 2405 494 2455 indicat
509 2405 626 2454 Mueller

83 2471 138 2530 ll..
157 2474 205 2539 qni
219 2472 354 2523 Herodoti
371 2471 447 2523 locos
463 2474 489 2533 Ι,
503 2471 544 2523 ou.
561 2473 623 2535 VII,

83 2539 118 2590 tt.
129 2540 164 2591 65
181 2542 223 2591 ita
237 2540 358 2606 intelligi
371 2541 442 2601 vult,
460 2545 490 2590 ut
501 2540 624 2591 Herodo-

85 2612 121 2659 tm
135 2609 274 2673 Pelasgos
296 2625 357 2659 cum
377 2609 489 2659 Ionibus
511 2609 623 2658 confun-

87 2676 142 2727 dens
150 2678 198 2727 hie
209 2692 318 2742 quoque
326 2676 469 2740 Cynurioa.
476 2675 623 2741 Pelasgam

89 2751 197 2807 gentem.
210 2745 332 2811 prosola
343 2745 371 2794 in
382 2744 571 2810 Peloponneso
581 2746 623 2794 lo-

88 2814 142 2862 uiea
151 2812 292 2862 habuerit.
316 2811 429 2876 Pelasgi
437 2827 503 2862 vero
517 2828 578 2862 cum
591 2828 624 2862 ex

87 2878 211 2930 Herodoti
229 2880 370 2931 sententia
385 2881 442 2929 sint
455 2880 623 2944 aborigines,

87 2954 202 3013 apparet,
215 2964 265 2999 cur
274 2948 385 2998 eosdem
392 2947 526 3011 Cynurios
538 2948 565 2996 in
575 2950 625 2997 Pe·

86 3013 228 3077 loponneso
240 3016 321 3065 modo
332 3005 515 3080 αὐτόχθονας
525 3031 624 3066 vocare

87 3086 198 3146 potnerit
222 3083 286 3143 ille,
309 3083 389 3133 modo
412 3098 494 3132 unam
519 3083 571 3132 hac
597 3084 625 3133 in

87 3154 154 3201 terra
169 3158 281 3218 gentem
300 3151 435 3211 lonicum,
454 3151 554 3211 idest,
573 3152 625 3201 Pe·

88 3217 194 3283 lasgam.
212 3220 304 3270 Ionum
313 3221 395 3284 stirps
406 3234 467 3268 cunr
476 3218 625 3283 Pelasgiea

89 3286 165 3336 inerit
178 3290 310 3351 lenesque
325 3286 388 3336 iude
402 3286 437 3336 ab
449 3287 518 3351 ipsis
530 3286 624 3336 Pelas-

89 3354 127 3411 gis
138 3356 165 3411 (i.
179 3371 202 3404 e.
216 3356 418 3419 antiquissimis
432 3370 464 3403 ac
477 3354 625 3419 primitivis

88 3420 262 3488 Peloponnesi
286 3422 396 3485 incolis)
420 3422 550 3486 prefecti,
576 3422 626 3471 mi·

90 3504 140 3538 rum
152 3491 244 3555 utique
261 3488 387 3540 va'esse
404 3490 518 3555 poterit,
537 3489 626 3552 Cynu-

92 3558 151 3617 rim,
169 3560 268 3624 quippe
287 3547 470 3622 αὐτόχθονας
488 3558 518 3619 (i.
536 3573 559 3607 e.
573 3558 625 3607 Pe·

91 3622 182 3685 lasgos,
193 3626 349 3691 indigenas)
361 3627 442 3674 lones
453 3639 558 3690 quoque
569 3625 625 3674 dici

92 3691 122 3739 ab
133 3693 269 3744 Herodoto
283 3708 383 3758 eosque
401 3692 473 3742 solos
486 3709 536 3757 per
547 3692 625 3743 Pelo-

93 3758 238 3825 ponnesum,
246 3777 316 3821 cum,
326 3763 372 3825 qui
383 3761 433 3810 alil
443 3760 523 3811 lones
533 3762 562 3809 in
572 3761 626 3809 hac

93 3830 156 3877 terra
173 3829 237 3879 olim
254 3829 372 3882 fuerint.
396 3826 441 3877 vel
459 3828 563 3893 expulsi
580 3827 625 3877 rel

94 3908 146 3944 cum
157 3896 219 3947 aliis
233 3896 362 3963 gentibus
375 3896 540 3946 irruentibus
555 3911 626 3946 com—

93 3963 159 4014 mixti
179 3966 248 4027 sint,
273 3979 362 4029 neque
379 3963 514 4013 Herodoti
532 3966 626 4013 aetate

94 4031 198 4096 amplius
215 4033 245 4082 ln
256 4032 310 4082 hac
324 4031 420 4081 eadem
434 4035 510 4081 terra
522 4032 627 4095 reperi-

93 4104 188 4165 rentur,
209 4100 277 4150 licet
298 4099 420 4163 vestigia
442 4099 514 4149 haud
535 4113 626 4162 pauca

93 4172 202 4228 emieat,
216 4168 314 4233 quibus
327 4171 462 4232 appareat
473 4166 546 4217 haud
559 4181 625 4231 pau·

93 4232 128 4282 cis
147 4234 213 4286 locis
242 4252 292 4301 par
314 4234 533 4299 Peloponnesum
562 4234 626 4283 olim

93 4298 170 4353 fuisse
178 4304 258 4381 Ipnes
267 4303 386 4381 indeque
396 4303 484 4366 ipsam
493 4302 626 4366 Pelopon·

93 4381 178 4421 nerum
195 4373 282 4424 Ιαοον
299 4372 391 4435 Αργος
408 4369 464 4421 dici
482 4370 554 4435 apud
571 4370 627 4420 Ho-

675 794 741 829 mer.
754 778 851 844 Odyss.
864 779 962 843 XVIII,
973 778 1023 829 246
1036 779 1092 842 (ubi
1106 780 1161 831 vid.
1173 797 1221 831 ve·

674 850 749 896 teres
766 846 959 913 interpretes):
984 849 1061 897 cuius
1082 849 1124 898 rei
1144 850 1221 898 testi-

676 915 769 964 monia
779 915 931 965 attulerunt
941 915 1060 966 Clinton.
1071 917 1149 965 Fast.
1156 917 1221 966 Hel-

674 982 729 1032 len.
753 982 775 1031 I.
794 999 858 1048 pag.
876 983 921 1043 57,
943 982 1123 1033 Schoemann.
1142 984 1220 1034 huti-

677 1052 757 1114 quitt.
772 1050 846 1116 publ.
857 1052 908 1100 inr.
919 1051 1035 1101 Graece.
1047 1067 1111 1116 pag.
1118 1050 1151 1101 46
1163 1057 1219 1101 not.

677 1116 749 1171 (coll.
764 1118 967 1168 Animadversa.
985 1119 1018 1168 de
1031 1120 1143 1170 Ionibus
1157 1135 1220 1184 pag.

675 1186 717 1246 ll,
736 1185 859 1235 Curtius:
877 1186 930 1235 Die
948 1187 1040 1235 Ionier
1056 1203 1120 1253 pag.
1139 1186 1168 1249 3,
1188 1188 1219 1236 0.

675 1253 883 1303 Fr.Hermann:
895 1253 1005 1303 Griech.
1013 1253 1220 1304 Staatsalterth.

676 1322 699 1381 δ.
716 1319 758 1370 96.
777 1326 832 1371 not.
850 1319 867 1370 6
884 1321 927 1371 ed.
945 1325 1035 1386 quart.
1074 1323 1169 1387 Neque
1193 1323 1221 1372 in

676 1389 765 1437 Ionam
787 1389 896 1438 nomine
917 1389 1097 1451 haerendum,
1120 1392 1144 1440 si
1163 1390 1220 1454 qui·

677 1456 737 1505 dem
755 1456 851 1518 iidem,
870 1456 916 1521 qui
933 1457 998 1506 olim
1016 1457 1128 1522 Pelasgi
1147 1457 1220 1509 dice·

676 1524 788 1584 bantur,
813 1525 927 1588 posthac
943 1525 1038 1574 Ionum
1056 1525 1219 1590 appellatio-

675 1607 737 1641 nem
774 1596 942 1656 acceperunt
974 1597 1046 1642 teste
1081 1593 1220 1643 Herodoto

677 1660 755 1721 VlIl,
774 1659 807 1707 44
826 1660 958 1722 eblone,
978 1659 1063 1709 Xuthi
1080 1660 1151 1722 filio,
1176 1675 1220 1709 cu·

676 1727 718 1775 ius
731 1742 830 1776 nomen
842 1727 998 1792 primitivae
1017 1728 1093 1790 genti
1105 1727 1220 1777 inditum

676 1810 738 1844 esse
751 1793 886 1844 Clintonis
903 1800 947 1844 eat
965 1796 1104 1844 sententia
1116 1794 1134 1844 l.
1149 1795 1165 1843 l.
1180 1795 1219 1843 di-

676 1862 779 1912 centis:
799 1878 836 1925 „a
848 1878 907 1912 new
921 1862 1099 1928 appellation,
1112 1862 1162 1916 but
1174 1868 1221 1912 not

677 1946 693 1980 a
703 1945 763 1979 new
773 1945 838 1980 rece
847 1945 905 1979 was
917 1930 1079 1980 introduced
1089 1930 1126 1992 hy
1136 1930 1220 1993 lon“;

675 1997 729 2047 nisi
741 1997 822 2047 malis
835 2013 894 2047 cum
906 1997 1095 2049 Schoemanuo
1104 1997 1122 2047 l.
1133 1996 1151 2047 l.
1163 2003 1220 2048 sta·

676 2071 752 2116 tuere
770 2082 869 2116 nomen
885 2066 938 2116 hoc
955 2082 1010 2116 non
1027 2067 1055 2114 in
1066 2066 1160 2116 Attica
1175 2066 1221 2116 de-

675 2149 748 2183 mum
765 2140 827 2199 post
843 2134 989 2184 Hellenum
1008 2134 1154 2184 adventum
1173 2150 1218 2199 po-

675 2201 739 2267 pulo
757 2202 887 2265 inditum,
907 2202 955 2251 sed
967 2202 1049 2267 longe
1065 2217 1125 2251 esee
1142 2208 1220 2252 vetu-

675 2270 755 2318 stius.
796 2269 887 2330 Quare
910 2270 983 2319 haud
1005 2271 1063 2319 scio
1086 2285 1122 2319 an
1144 2276 1220 2319 recte

675 2336 715 2387 sic
741 2337 925 2401 pronuntiarit
946 2336 1055 2386 Curtius
1076 2336 1220 2400 (Pelopon-

676 2419 734 2454 nes.
748 2405 770 2453 1.
784 2420 847 2470 pag.
860 2402 917 2468 61);
938 2403 1046 2466 „Unter
1062 2404 1116 2467 den
1132 2404 1220 2454 Stem-

676 2487 751 2532 men,
776 2472 882 2521 welche
909 2486 958 2521 arra
984 2472 1032 2521 der
1051 2470 1221 2521 Urheviillre-

675 2555 746 2605 rung
769 2538 817 2589 des
838 2539 949 2588 Laudes
975 2538 1020 2601 (de
1044 2539 1220 2602 Peloponneso

676 2606 805 2671 loquitur)
827 2622 878 2655 nur
900 2607 985 2656 durch
1006 2607 1076 2656 leise
1096 2606 1150 2655 und
1170 2606 1220 2655 all-

675 2675 795 2739 miihlige
809 2675 1008 2739 Absonderung
1019 2674 1219 2736 hervortreten‚

674 2743 710 2791 ist
727 2743 776 2792 der
792 2742 991 2792 hedeutendsto
1013 2741 1062 2791 der
1083 2740 1219 2791 Ionische.

675 2812 714 2860 Er
730 2811 779 2859 hat
801 2810 845 2859 die
862 2809 1002 2860 reichsten
1017 2808 1138 2859 Bliithen
1155 2807 1220 2857 Hel·

674 2877 818 2927 lenischen
847 2877 957 2927 Lehens
987 2877 1221 2943 hervorgehracht

675 2948 729 2995 rand
750 2948 783 2995 ist
807 2947 872 2996 doch
894 2961 941 2996 uon
966 2947 1020 2995 dem
1041 2946 1220 3010 Pelcugr‘sclren

676 3015 743 3063 nirdt
767 3015 909 3064 nesentliclt
937 3029 967 3062 zu
992 3013 1219 3063 unterscletden.“

675 3082 717 3131 Ad
729 3080 913 3146 Peloponnesi
931 3081 1077 3146 indigenas
1093 3081 1165 3130 idem
1177 3082 1220 3131 vir

677 3148 772 3198 doctus
786 3150 919 3211 Cynurios
937 3148 1123 3212 refertaeque
1138 3153 1219 3212 atquo

677 3215 821 3266 Cancones
838 3217 905 3269 ibid,
923 3232 986 3281 pag.
1004 3215 1046 3265 66.
1074 3215 1221 3265 Sufficiant

676 3284 747 3333 haec
778 3285 813 3334 od
837 3284 970 3334 Herodoti
997 3285 1083 3334 uerba
1109 3283 1219 3341 tuenda,

677 3367 748 3416 quae
776 3368 841 3401 vere
871 3358 1001 3416 recteque
1029 3351 1121 3415 posita
1153 3350 1219 3398 mihi

678 3435 738 3469 esse
751 3420 886 3471 videntur.
915 3421 956 3469 De
972 3419 1083 3482 Cyntinia
1097 3418 1218 3481 regione,

678 3487 713 3536 ad
732 3503 811 3551 quam
831 3488 913 3536 etiam
926 3488 1037 3551 Thyrea
1055 3486 1120 3547 (rid.
1134 3485 1220 3534 Hero·

677 3555 732 3604 dot.
746 3555 770 3612 1,
783 3554 816 3603 82
830 3555 923 3620 ibique
941 3554 1021 3617 nott.)
1039 3545 1227 3614 referebaturJ

677 3628 798 3673 veterum
817 3623 976 3672 testimonia
994 3622 1075 3672 affert
1087 3620 1222 3683 Forhiger

676 3691 693 3740 l.
708 3690 726 3740 l.
739 3689 936 3757 purgatumq.
963 3689 1041 3739 Nune
1053 3691 1082 3738 in
1095 3689 1147 3738 hac
1161 3688 1221 3752 ipsa

675 3759 801 3823 regione,
820 3759 848 3806 in
866 3758 1003 3808 montibus
1017 3756 1175 3822 Argolidcm
1194 3761 1222 3805 et

676 3827 847 3877 Laconicam
870 3826 1064 3891 separantibus
1084 3829 1168 3888 atque
1193 3824 1222 3871 in

676 3910 741 3944 orae
760 3894 914 3944 maritimae
931 3893 1001 3942 loeis
1020 3891 1124 3955 aliquot
1143 3891 1222 3941 habi-

676 3965 737 4011 tant
757 3956 887 4019 Zoirmrec
911 3961 957 4025 qui
978 3960 1107 4009 dieantur
1128 3958 1221 4024 (vulgo

681 4029 970 4092 sarracenorumque
980 4028 1122 4092 ipsoterra
1133 4026 1224 4076 Tacha-

676 4097 773 4160 conio),
788 4096 921 4161 peculiari
935 4111 988 4160 qna
1000 4101 1112 4145 utuntur
1123 4093 1220 4159 lingua

678 4181 695 4215 a
707 4165 826 4215 caeteris
838 4165 1007 4228 Neograeeia
1019 4163 1135 4213 diversi:
1149 4177 1220 4226 quae

677 4247 721 4282 res
734 4232 833 4282 dudum
842 4234 916 4283 viros
928 4231 1022 4281 doctos
1036 4230 1161 4285 advertit,
1176 4229 1221 4293 qui

677 4301 779 4351 veteris
798 4300 965 4349 Graecorum
988 4298 1121 4349 sermonis
1139 4295 1220 4345 adee-

678 4367 830 4435 queDorici
840 4367 1010 4439 potissimum
1020 4365 1141 4430 vestigia
1151 4378 1222 4414 com·
