2984 5154
449 426 607 489 URANI
615 430 654 489 A.
676 430 767 491 VIII.
788 437 833 492 44.
854 440 897 492 45.
1201 436 1241 497 63

115 596 280 687 μεζόμενοι
303 602 467 689 Κραναοί,
496 602 550 670 eal
573 601 611 670 til
633 600 802 691 Κέκροπος
832 603 983 689 βασιλέος
1010 599 1242 689 ἐσεκλήθησαν

116 705 325 790 Κεκροπίδαι,
350 704 568 790 ἐκδεξαμένου
593 703 630 771 δὲ
655 699 825 791 Ἐρεχθέος
853 699 914 789 τὴν
935 697 1042 793 ἀρχὴν
1070 699 1242 793 Ἀθηναῖοι

114 799 438 891 μετωνομάσθησαν,
458 800 574 883 Ἴωνος
593 804 630 873 tl
647 807 710 873 τοῦ
729 801 874 883 Ξούθον
883 801 1091 895 στρατάρχεω
1108 807 1241 894 νενομί-

23 982 24 1003 ,
114 930 169 971 νου
191 899 397 992 ’Λθηναίοισι
426 901 618 993 ἐκλήθησαν
650 900 716 975 άτσό
738 902 858 975 τούτου
888 902 1012 986 Ἴωνες.
1066 909 1286 994 Μεναρέες45

23 1008 25 1089 ξ
115 1004 146 1072 ll
162 1002 265 1075 τωντό
282 1002 444 1095 πλήρωμα
462 1013 658 1096 παρείχοντο
675 1002 712 1077 ri
731 1008 787 1076 καὶ
805 1003 856 1075 ἐπ’
874 1003 1081 1100 Ἀρτεμισίῳ,
1098 1003 1238 1097 'ripaea-

113 1108 217 1177 πιόται
236 1106 275 1175 δέ
292 1103 375 1176 ἑπτά
387 1109 464 1188 νέας
482 1114 612 1197 ἔχοντες
631 1107 863 1198 έπεβαίθησαν,
881 1106 1062 1179 Λευκάδιοι
1082 1109 1119 1178 δὲ
1136 1125 1237 1198 τρεῖς,

23 1290 25 1297 v
112 1280 194 1334 seqq,
217 1270 262 1320 cui
286 1271 349 1321 add.
368 1271 459 1321 Strah.
479 1272 526 1322 IX.
550 1289 576 1338 p.
595 1272 645 1323 397

111 1352 129 1385 a
145 1335 231 1387 GIBA.
268 1339 312 1389 De
331 1338 471 1404 Pelasgis,
490 1344 580 1389 terrae
598 1340 646 1390 At·

111 1405 175 1454 ticae
187 1404 286 1455 ineolis
306 1407 520 1471 antiquissimis,
539 1408 593 1458 vid.
607 1407 646 1457 al-

23 1470 25 1497 ³
64 1482 71 1497 ·
110 1469 644 1549 lamedHerodot1‚hssooll.vl1,lssl.

23 1530 25 1551 '
140 1554 211 1604 ησαν
232 1537 394 1606 Πελασγοὶ,
422 1532 645 1608 οὖνομαζόμενοι

109 1604 237 1673 Κραναοί]
247 1610 316 1673 Ipsa
326 1609 496 1660 Athenarum
507 1611 573 1660 urbs
585 1611 646 1662 aive

109 1689 150 1723 arr
166 1675 229 1725 olim
246 1676 406 1726 vocabatur
422 1671 545 1741 Κραναὰ
562 1675 645 1736 πόλις

109 1742 182 1804 (conf.
191 1744 410 1809 Aristophhoh.
418 1745 460 1794 75.
468 1745 584 1809 Lyaistr,
594 1744 645 1796 483

23 1828 26 1887 ρ
107 1809 189 1875 ibique
207 1811 342 1874 scholi),
366 1813 477 1862 nomine
499 1813 582 1863 ducto
599 1812 647 1863 vol

106 1876 136 1927 ab
157 1881 269 1945 antiquo
297 1884 329 1929 ut
351 1879 480 1929 ferebant
498 1896 563 1947 rege
583 1882 645 1931 Ora·

23 1972 25 1995 t
105 1962 147 1995 sao
164 1948 208 2008 (os.
221 1946 368 2012 aristoph.
383 1948 434 1996 Ar.
450 1947 507 1997 122.
524 1949 645 1998 Pausan.

23 2064 24 2067 ,
105 2008 162 2070 ll.
178 2016 201 2076 ξ.
221 2018 246 2067 5.
265 2013 312 2065 31.
332 2016 356 2075 ὅ.
374 2015 400 2067 9.
418 2014 575 2080 apollodor.
594 2017 644 2077 ΙΙΙ,

107 2080 140 2130 lt
156 2090 221 2134 sect.
237 2082 263 2146 Ι)
294 2083 341 2132 vel
357 2098 375 2131 a
392 2082 447 2132 loci
465 2088 565 2133 natura
582 2083 646 2133 aoli-

23 2194 24 2217 ρ
105 2164 149 2212 que
165 2152 334 2216 asperitate.
364 2148 442 2200 conf.
457 2151 585 2201 etiami).
598 2152 644 2200 Fr.

105 2216 248 2268 Hermann:
264 2217 382 2268 Grieeh.
392 2218 644 2269 Staatsalterthiim.

104 2283 125 2344 l.
139 2283 169 2334 uz
186 2286 226 2335 ibi
246 2301 289 2336 ue
307 2286 381 2347 citt,
406 2286 452 2349 qui
469 2286 541 2336 idem
558 2287 583 2345 ἕ.
602 2284 644 2335 9Ι.

105 2358 151 2401 not.
171 2352 210 2407 17.
227 2302 264 2403 98
294 2352 338 2401 ed.
361 2357 450 2417 quart.
474 2354 507 2403 de
532 2354 644 2417 Cecrope

105 2424 177 2483 atque
199 2420 353 2471 Erechtheo
376 2419 558 2470 consulendus
581 2422 643 2471 erit.

105 2487 171 2551 Apud
188 2487 366 2539 Herodotum
382 2488 449 2551 VII,
471 2487 518 2538 141
537 2490 566 2537 in
583 2503 645 2565 osq-

106 2554 155 2604 mlo
175 2561 253 2607 terra
269 2556 371 2606 Attica
394 2555 457 2605 inde
476 2557 576 2605 dieitur
597 2571 645 2606 ou·

106 2618 317 2687 ριςΚέιιροπος.
348 2623 481 2682 Deloue,
500 2641 517 2674 a
536 2639 588 2688 quo
601 2625 644 2673 lo·

106 2704 156 2740 num
172 2707 274 2742 nomeu
298 2690 422 2753 duptam,
441 2690 496 2741 vid.
512 2691 644 2742 Herodot.

23 2762 24 2767 ’
107 2756 154 2819 VII,
170 2758 204 2809 94
222 2761 325 2824 ibique
343 2763 426 2821 nott,
446 2759 511 2809 coll.
529 2760 643 2809 Excurs.

107 2825 134 2874 acl
149 2827 185 2889 V,
202 2826 237 2877 oo
260 2826 337 2891 (Vol.
356 2827 408 2877 111.
432 2843 459 2892 p.
477 2826 528 2877 799
545 2827 642 2892 seqq),

105 2893 141 2942 uhi
162 2896 196 2945 de
214 2896 299 2946 Ionis
316 2894 394 2956 filiis,
419 2909 437 2944 a
459 2910 511 2960 quo
533 2895 645 2945 nomina

105 2961 190 3012 talisne
208 2964 345 3013 dicuntur
356 2966 484 3027 quattuor
495 2962 645 3012 Athamen-

23 3060 24 3079 ι
105 3029 165 3079 riom
187 3032 298 3093 trihus,
322 3030 487 3096 disputatur.
522 3030 577 3091 Qui
593 3031 644 3080 Ion

105 3098 166 3159 quod
176 3098 202 3149 h.
216 3100 236 3149 l.
249 3092 441 3163 στρατάρχης,
461 3099 478 3148 i.
492 3114 516 3147 e.
529 3099 585 3148 duur
601 3114 643 3148 co·

102 3165 421 3285 naariae
430 3166 539 3296 αα,
551 3165 645 3283 αα

104 3314 149 3362 gue
166 3302 271 3352 dictum
318 3305 379 3351 utut
396 3302 426 3352 C.
445 3302 490 3351 Fr.
509 3302 645 3351 Herman-

105 3380 148 3417 uus
165 3370 194 3427 (l.
211 3371 231 3420 l.
251 3372 277 3432 §-
334 3404 341 3417 .
359 3375 415 3419 not.
434 3369 476 3430 4),
496 3384 514 3418 a
532 3368 644 3419 Conone

105 3436 168 3499 &pud
177 3437 311 3487 Photiun
321 3436 393 3486 Bibl.
399 3436 465 3487 (lod.
473 3436 646 3486 CLXXXVI.

104 3502 125 3577 ὅ,
133 3504 164 3551 27
176 3504 341 3555 accuratius
353 3504 409 3581 diei
423 3509 510 3554 ratus:
530 3496 579 3554 διά
592 3497 645 3569 τὴν

105 3565 204 3636 courir
219 3569 274 3623 aul
293 3566 348 3636 τὴν
359 3572 449 3636 αλλην
465 3560 584 3633 άξίωσιν
600 3564 645 3621 αί-

106 3636 196 3700 perire
217 3633 366 3706 βασιλεύει
387 3629 555 3704 Ἀθηναίων.
588 3641 646 3690 Ita·

697 1278 772 1322 tuere
795 1272 870 1323 licet.
910 1273 952 1322 nd
969 1274 1141 1324 Αλλεαίααεεο
1163 1275 1241 1326 Iones

697 1341 821 1390 referunt
839 1341 924 1390 etiarn
941 1341 1021 1391 Iones
1039 1342 1109 1406 apud
1128 1342 1239 1393 Homer.

696 1408 775 1458 Iliad.
789 1409 867 1469 xm,
885 1407 944 1470 995,
964 1409 1011 1458 nbi
1030 1410 1066 1459 os.
1081 1410 1174 1458 Bothii
1192 1426 1239 1459 an·

696 1476 878 1538 notationem,
901 1481 932 1526 tu
952 1477 1008 1528 vid.
1027 1477 1157 1526 llerodot.
1177 1478 1239 1536 Vll,

696 1541 730 1592 94
741 1544 835 1608 iqune
848 1549 917 1593 nott.
930 1544 1004 1605 VIII,
1018 1544 1051 1594 73
1063 1544 1156 1609 ibique
1169 1551 1239 1597 nott.

887 1712 952 1764 Cir.
971 1713 1054 1763 XLV.

730 1809 880 1878 Μεγαρέες
897 1829 922 1863 ιι.
941 1830 965 1864 τ.
984 1810 1020 1879 λ.]
1041 1814 1083 1863 De
1101 1814 1239 1878 Meporen-

696 1882 763 1931 sthur
780 1881 836 1933 vid.
855 1881 932 1943 VIII,
953 1880 964 1929 l
985 1881 1078 1946 ibique
1096 1886 1174 1943 nott,
1193 1883 1239 1931 uhi

698 1951 781 1998 etiam
800 1949 834 1999 de
852 1965 920 1998 voce
934 1941 1081 2015 πλήρωμα.
1107 1949 1239 1999 Voculam

696 2010 729 2066 τὸ
746 2022 808 2082 poet
825 2015 996 2082 παρείχοντο
1010 2017 1176 2066 auctoritate
1194 2033 1239 2067 co·

697 2084 767 2134 dicis
785 2084 926 2135 Sancrofti
948 2085 1078 2134 omissam
1102 2100 1119 2134 a
1137 2084 1240 2134 Sohae-

697 2152 764 2213 fero,
780 2168 858 2217 quem
869 2153 967 2202 Matth.
980 2158 1008 2202 et
1018 2169 1091 2202 roco.
1103 2153 1163 2201 edd.
1176 2153 1239 2202 iude

696 2235 712 2268 a
724 2219 852 2269 Bekksro
864 2226 1021 2284 sequuntur,
1040 2221 1164 2285 equidem
1178 2236 1240 2270 eum

696 2286 786 2336 Gaias.
805 2291 834 2336 et
846 2288 1000 2352 Schweigh.
1013 2289 1156 2339 revocavi:
1183 2289 1238 2338 vid.

695 2353 979 2497 ruqqpxppppsst'ae
992 2449 1023 2457 —
1036 2414 1238 2486 έπεβάθησαν]

695 2490 737 2538 De
751 2490 839 2539 forma
852 2481 1043 2552 έτεβωθησαν
1054 2490 1110 2539 vid.
1123 2494 1191 2539 nott
1205 2490 1240 2537 ad

695 2557 770 2618 VIII,
791 2556 813 2606 l.
850 2557 1031 2606 Ατιλιναοίολαι
1048 2561 1112 2605 sunt
1129 2555 1239 2605 incolae

695 2625 771 2674 urhis
789 2624 969 2685 Ambraciae,
995 2638 1066 2688 quae
1089 2639 1106 2672 a
1130 2623 1239 2686 quibus·

695 2693 758 2741 dam
785 2692 966 2757 Thesprotiae
997 2695 1173 2751 accensetur,
1205 2690 1241 2739 ad

694 2759 863 2809 Arachthum
881 2760 937 2809 sita
953 2759 1064 2809 fluvium
1081 2758 1110 2807 in
1127 2757 1241 2807 Ambra-

696 2828 734 2877 cii
745 2829 822 2877 sinus
841 2842 956 2877 recessu
967 2827 1077 2887 intimo,
1097 2826 1144 2875 nbi
1157 2841 1174 2875 a
1188 2824 1241 2874 Co·

695 2895 805 2945 rinthiis
819 2894 932 2960 Cypseli
950 2894 1008 2943 lere
1027 2897 1122 2943 aetate
1135 2898 1240 2943 exstru-

696 2969 742 3012 cta
761 2967 804 3012 est
822 2979 854 3013 eo
873 2962 949 3026 loeo,
972 2977 1025 3026 quo
1048 2977 1120 3011 nuuc
1138 2961 1241 3011 dicitur

696 3045 756 3081 esee
773 3032 850 3082 Area.
886 3030 970 3081 Plura
988 3031 1115 3080 KrusIus:
1141 3029 1240 3079 Hellas

695 3100 733 3159 ΙΙ,
751 3099 776 3148 2.
796 3116 822 3164 p.
836 3097 886 3149 283
904 3114 979 3164 seqq.
999 3097 1050 3148 322
1067 3112 1154 3161 seqq,
1172 3096 1239 3146 For-

695 3167 786 3231 biger:
814 3166 926 3216 Haudh.
953 3168 979 3216 d.
1009 3165 1057 3215 alt.
1081 3164 1238 3230 Geograph.

695 3234 746 3284 111.
764 3250 790 3299 p.
809 3232 867 3283 894.
888 3234 952 3284 ooll.
964 3234 996 3284 C.
1005 3234 1052 3283 Fr.
1066 3233 1239 3282 Hermanno:

696 3301 807 3351 Grieoh.
820 3302 1027 3352 Staatealtarth.
1044 3303 1068 3363 §-
1085 3299 1127 3350 86.
1145 3304 1201 3351 not.
1213 3299 1238 3348 5.
1319 3330 1323 3335 -

695 3369 799 3419 Eodem
811 3384 916 3434 quoque
928 3376 1050 3441 temporo
1064 3369 1164 3418 Leucae
1176 3383 1240 3416 con·

696 3437 756 3486 dita
785 3437 874 3486 fertur
903 3453 920 3486 a
951 3436 1113 3498 Corinthiis,
1148 3435 1240 3500 patria

696 3503 756 3554 scil.
764 3505 852 3570 pulsis
860 3505 1018 3554 dominante
1025 3502 1158 3569 Cypselo;
1169 3502 1242 3566 quod

697 3573 770 3622 euim
781 3571 834 3622 hoe
847 3572 883 3621 ad
891 3572 1037 3622 Periandri
1048 3577 1172 3636 tempora
1183 3571 1241 3633 qui·

697 3640 758 3690 dem
780 3641 915 3696 referunt,
938 3640 966 3689 id
989 3656 1050 3689 curn
1068 3639 1166 3688 Krusio
1184 3637 1202 3686 l.
1222 3638 1240 3687 l.

106 3719 153 3768 que
174 3709 209 3758 ad
233 3723 351 3773 regnum
374 3713 488 3758 evectae
508 3708 648 3773 putandus
697 3724 722 3773 p.
735 3708 793 3757 285.
807 3706 858 3758 356
875 3708 909 3757 de
928 3708 1037 3758 colonia
1055 3711 1187 3757 renovata
1200 3705 1239 3753 in-

106 3775 153 3823 erit
166 3776 230 3839 Ion,
252 3790 316 3826 cum
335 3780 418 3827 antea
435 3775 488 3825 dur
506 3776 646 3841 copiarum

106 3855 125 3889 a
140 3837 320 3908 στρατάρχης
338 3843 444 3893 fuisset.
480 3844 580 3893 MerIto
599 3859 646 3893 au·

106 3913 155 3959 tem
172 3911 247 3961 idem
265 3912 441 3961 Hermannus
463 3910 498 3973 (θ.
516 3909 558 3959 91.
577 3911 595 3960 l.
615 3911 645 3975 l.)

107 3989 150 4027 ros
162 3979 273 4028 attendi
285 3978 364 4027 iubet
377 3978 412 4029 ad
424 3979 549 4029 diversos
561 3979 645 4028 hasco

105 4047 179 4095 unius
196 4046 324 4096 eiusdem
340 4047 463 4110 regionis
481 4045 645 4111 appellatio-

106 4125 163 4174 ιιοσς
179 4114 255 4163 unde
275 4113 381 4178 siquid
400 4113 486 4177 aliud,
506 4113 557 4164 hoc
571 4118 644 4163 certe

107 4179 233 4247 colligas,
247 4196 364 4246 magnas
376 4181 442 4231 olim
454 4182 484 4231 in
495 4182 588 4231 Attica
600 4197 646 4231 ac-

106 4248 202 4299 cidisse
220 4250 389 4299 mutationes
408 4249 588 4311 domesticae,
611 4249 644 4298 ‹le

107 4315 199 4377 quibua
215 4321 313 4366 tamen
330 4318 358 4367 iu
377 4321 455 4367 tanta
475 4317 645 4367 testimonio·

107 4396 161 4433 rum
183 4385 282 4449 iuopia
302 4385 348 4435 vix
371 4385 439 4435 certi
462 4385 526 4449 qnid
545 4385 645 4435 consti·

696 3774 825 3841 telligere
834 3775 938 3825 malim.
957 3776 1011 3825 Sed
1021 3774 1132 3824 multum
1142 3778 1241 3838 postea

697 3844 788 3892 floruit
796 3843 861 3893 urbs
869 3848 1026 3892 mercatura
1035 3842 1147 3907 insigni,
1159 3855 1240 3905 quam

696 3911 773 3961 locus
786 3912 846 3977 ipse
859 3912 971 3976 egregie
985 3911 1144 3961 adiuvabat.
1180 3909 1244 3957 Sita

698 3980 770 4028 enlm
789 3981 853 4029 urbs
871 3980 901 4027 in
918 3976 1076 4044 peninsula,
1102 3992 1171 4042 quae
1195 3981 1250 4025 ca·¹

697 4046 754 4095 nali
772 4052 835 4111 post
846 4046 984 4095 disiuncta
1002 4064 1018 4095 a
1032 4045 1185 4096 continenti
1199 4045 1240 4093 in-

696 4113 773 4164 sulae
784 4116 932 4179 assumpsit
941 4116 1069 4179 speeiem.
1087 4114 1165 4163 Nunc
1175 4112 1240 4161 San-

695 4188 746 4230 λαια
759 4183 878 4232 Mauram
890 4188 999 4232 vocant.
1027 4180 1110 4230 Plura
1123 4181 1239 4229 Krusiua

696 4249 746 4300 l.l.
766 4266 791 4314 p.
805 4250 854 4299 357
873 4266 945 4315 seq,
965 4249 1101 4314 Forbiger
1118 4248 1137 4299 1.
1155 4247 1173 4297 l.
1186 4247 1238 4299 III.

696 4334 722 4382 p.
743 4317 808 4366 1012
826 4318 888 4367 coll.
908 4319 938 4367 C.
951 4319 997 4367 Fr.
1011 4318 1168 4375 Hermanno
1184 4313 1203 4361 l.
1219 4312 1238 4362 l.

695 4387 717 4447 5.
737 4383 778 4435 86.
798 4391 853 4436 not.
870 4386 894 4449 2,
915 4385 946 4435 C.
963 4385 1097 4435 Muellero
1117 4383 1151 4431 ad
1169 4382 1238 4430 Geo-
