2866 5134
253 404 308 463 Du
331 404 436 464 VITA
457 404 516 464 ET
538 403 730 464 SORIPTIS
754 403 985 464 HERODO'I'I.
1126 410 1184 471 421

73 576 215 646 quibusdam
238 575 352 629 serioris
377 575 476 628 aetatis
497 575 682 645 scriptoribus
690 572 720 644 *)
750 577 866 631 Thorius
893 582 1022 645 vocatur,
1043 594 1076 630 ac
1099 578 1124 630 si
1139 595 1186 630 na-

72 660 122 713 talia
135 660 173 712 bic
195 668 268 715 esset
288 660 365 713 locus
386 677 506 730 vereque
528 660 645 731 patrius,
671 668 699 713 et
720 661 828 714 Plinius
848 661 923 714 Hist.
946 662 1013 715 Nat.
1027 662 1091 729 Xll,
1110 664 1187 733 lid)

71 746 219 799 deodatum
233 745 346 799 Thuriis
368 746 396 797 in
411 745 493 799 ltalia
509 745 649 798 historiam
660 746 816 799 condidisse
835 745 946 814 scribit3
972 747 1091 817 indeque
1107 748 1187 800 etiam

72 830 129 883 haud
142 831 195 883 scio
209 848 245 883 aa
260 829 449 900 explicandum
468 831 514 898 sit,
531 830 604 901 quod
620 829 683 882 balli
694 830 931 900 Peloponnesiaci,
948 832 1021 900 quod
1038 831 1083 884 illa
1097 840 1187 886 aetate

72 931 135 984 quau
157 915 266 969 maxime
291 915 391 967 saeviit
417 922 573 984 tonumque
589 914 723 968 Graeciae
742 917 826 969 rebus
853 917 1061 969 conversionem
1085 917 1186 983 attulit,

73 999 143 1052 rarior
164 1000 191 1051 ia
215 999 305 1054 Musis
326 999 493 1053 Herodoteis
518 998 618 1053 mentio
634 1000 697 1065 fiat,
714 1001 874 1071 praesertim
888 1018 946 1053 cum
960 1000 1121 1054 Herodotus
1137 1020 1186 1070 pro

72 1084 145 1152 operis
160 1084 201 1138 sui
215 1084 345 1149 consilio,
372 1102 426 1155 quo
442 1087 609 1138 Graecorum
635 1102 681 1138 res
696 1085 835 1138 illustrare
857 1104 888 1138 ac
902 1086 1040 1139 celebrare
1061 1086 1186 1153 debebat,

70 1169 105 1221 rix
117 1170 235 1223 lubenter
250 1168 332 1221 huius
348 1169 413 1222 belli
429 1169 596 1223 calamitates
611 1170 749 1238 attigerit:
772 1170 805 1223 de
828 1187 884 1240 qua
898 1190 928 1223 re
942 1170 999 1222 dixi
1014 1171 1057 1223 in:
1071 1171 1185 1224 Jabrbb.

70 1252 221 1323 il’hilolog.
248 1254 310 1307 Vol.
332 1252 407 1308 LVI.
431 1273 457 1324 p.
484 1259 575 1324 lseq.
593 1255 698 1309 Thuriis
715 1262 849 1308 mortuum
866 1255 951 1325 inque
972 1257 1033 1308 foro
1050 1255 1186 1325 sepultum

69 1355 119 1391 ease
136 1338 302 1392 Herodotum
328 1338 526 1407 traditSuidos
552 1337 611 1392 loco
626 1356 712 1409 supra
734 1340 832 1392 allato:
858 1339 953 1392 tumuli
978 1339 1186 1410 inscriptionem

69 1422 150 1475 hocce
168 1425 291 1477 offerunt
308 1424 466 1493 Stephanus
488 1425 605 1491 Byzant.
624 1443 649 1477 s.
665 1442 692 1478 v.
708 1418 828 1493 Θούριος
851 1433 878 1477 et
892 1424 1086 1494 Aristophanis
1101 1425 1186 1480 Scho-

68 1505 132 1560 uua
144 1508 175 1560 ad
189 1510 283 1563 Nubb.
301 1511 347 1563 331
367 1509 443 1581 (coll.
460 1507 581 1562 Brunck.
595 1506 730 1562 Analectt.
745 1508 807 1561 Vol.
825 1509 875 1563 lll.
892 1527 918 1578 p.
935 1511 995 1563 263.
1008 1510 1095 1579 epigr.
1109 1512 1186 1579 533),

68 1591 165 1662 itemque
188 1611 278 1664 nuper
295 1593 387 1647 aditus
402 1593 523 1646 Taetaao
544 1593 699 1646 Scholiasta
723 1594 750 1646 in
773 1593 896 1647 Crameri
912 1593 1058 1647 Anocdott.
1074 1594 1186 1647 Oxonn.

68 1675 108 1729 lll.
120 1697 144 1748 p.
160 1681 211 1733 350
226 1686 254 1732 et
270 1679 299 1731 in
314 1679 436 1732 Tretaae
450 1678 541 1747 Epist.
557 1678 601 1731 ed.
620 1696 636 1730 a
650 1677 789 1732 Presselio
806 1696 870 1749 pag.
888 1681 938 1732 97:

191 1799 350 1873 Ἡρόδοτον
367 1800 465 1872 Λόξεω
482 1801 602 1871 κρύπτει
620 1802 701 1868 κόνις
717 1798 772 1875 ἥδε
790 1799 931 1871 θανόντα,

257 1868 352 1936 Ἰοἱδος
368 1868 491 1943 α’ρχαίης
509 1870 636 1956 inopine
653 1873 823 1955 πρύτανιν,
878 1933 891 1955 ν

193 1939 330 2012 Δωριέων
346 1937 456 2012 πάτρης
474 1937 625 2012 βλαοτοντ’
643 1937 710 2008 ἄπο,
729 1944 786 1995 τῶν
803 1935 853 2011 αρ’
871 1945 999 2011 αιτλητον

259 2012 375 2080 Μῶμον
391 2004 624 2079 όιτεκιιροφογόν
642 2008 768 2079 Θοόριον
786 2007 849 2078 ἔσχε
867 2004 989 2079 πάτρην.

70 2133 131 2195 lluod
137 2135 314 2189 Marcellinus
329 2135 357 2188 ἰιι
367 2134 423 2187 Vit.
436 2135 564 2213 Thucyd,
581 2139 606 2199 S.
624 2138 656 2190 18
664 2134 711 2202 **)
725 2138 833 2190 Athenis
844 2135 978 2189 Herodoti
991 2146 1119 2188 memorat
1140 2156 1183 2189 ae·

70 2218 181 2291 pulcrum,
202 2220 230 2273 id
250 2220 276 2272 si
300 2236 392 2273 rerum
413 2225 457 2273 ast
478 2237 567 2290 neque
586 2222 715 2275 Herodoti
728 2238 840 2289 nomen,
858 2221 897 2273 uti
914 2220 1055 2273 contendit
1068 2222 1183 2274 Viscon-

70 2302 119 2369 tius,
138 2306 200 2358 nale
225 2306 280 2358 huc
294 2305 417 2375 irrepsit,
443 2323 503 2358 cum
518 2305 660 2373 Fabricio,
684 2306 879 2373 Wesselingio‚
904 2306 1052 2371 Larchero,
1069 2306 1183 2374 Heysio,

71 2388 166 2458 quiipse
180 2390 339 2443 accuratius
360 2390 387 2442 in
408 2390 475 2442 baec
494 2390 642 2461 inquisivit
655 2409 682 2460 p.
701 2392 744 2444 80.
760 2392 804 2457 81,
823 2390 1028 2457 intelligendum
1046 2390 1080 2442 de
1103 2410 1184 2443 ceno-

72 2471 148 2541 taphio,
161 2475 233 2545 quod
248 2475 311 2528 viro
327 2474 362 2527 de
376 2475 448 2527 omni
463 2474 581 2526 Graecia
595 2492 627 2526 ac
641 2473 800 2543 singillatim
816 2474 850 2527 de
865 2473 1097 2543 Atheniensibus,
1113 2493 1183 2546 quos

76 2557 138 2608 tantis
151 2558 276 2613 laudibus
299 2560 489 2627 exornaverit,
513 2559 683 2612 meritissimo
702 2557 885 2612 Athenienses
908 2559 1015 2629 publica
1029 2560 1182 2628 posuerint.

79 2636 137 2700 Quod
148 2661 204 2697 vero
221 2648 313 2700 Pellae
326 2644 354 2696 in
370 2644 532 2697 Macedonia
544 2643 713 2697 Herodotum
727 2644 830 2697 obiisse
846 2643 891 2696 alii
908 2644 1096 2714 perhibebant,
1113 2651 1183 2698 teste

79 2720 200 2797 baldrih,
216 2731 255 2798 id,
273 2729 329 2782 nisi
344 2746 461 2798 prorsus
476 2730 620 2782 confictum
639 2747 702 2782 esse
716 2738 852 2798 putemus,
873 2747 926 2781 non
944 2729 998 2781 nisi
1013 2729 1063 2781 hac
1078 2730 1184 2782 ratione

78 2808 182 2874 probabile
197 2815 275 2868 reddi
289 2814 407 2883 poterit,
428 2821 460 2866 nt
474 2813 645 2867 Herodotum
666 2814 817 2882 cogitemus
844 2812 877 2865 ad
893 2813 1066 2881 Archelaum,
1091 2814 1183 2866 Mace-

76 2890 145 2949 doniae
159 2917 262 2968 regem,
289 2915 368 2968 quem
390 2899 486 2951 doctos
510 2899 633 2952 homines
652 2900 767 2951 Athenis
788 2898 821 2950 ad
840 2917 871 2951 se
888 2898 1023 2950 invitasse
1046 2900 1181 2964 novimus,

76 2982 121 3030 tunc
132 2985 252 3053 temporis
268 2985 439 3055 proiectum,
459 2984 524 3036 fatis
549 2985 641 3036 subito
657 2985 798 3054 abreptum
816 2983 918 3035 luisse:
939 2991 1022 3055 atque
1043 2984 1083 3036 sic
1105 2985 1183 3037 etiarn

73 3070 167 3120 statuere
180 3069 306 3123 ridemus
326 3086 373 3121 eos
386 3069 462 3121 viros
478 3069 582 3135 doctos,
605 3070 653 3138 qui
668 3069 837 3122 Herodotum
852 3086 944 3121 serrem
961 3086 1034 3121 anno
1052 3072 1103 3121 412
1118 3075 1183 3121 ante
1261 3122 1264 3127 ,

72 3144 120 3199 Chr,
134 3169 157 3204 n.
166 3153 280 3207 Thuriis
299 3154 449 3222 proiectum
466 3154 557 3207 denuo
575 3154 695 3207 Athenas
711 3153 824 3222 petiisse
840 3152 959 3223 indeque
974 3154 1008 3204 ad
1024 3152 1183 3206 Archelaum

70 3232 115 3299 (qui
136 3254 201 3290 anno
226 3238 407 3292 antecedente
432 3256 481 3291 rex
508 3244 568 3291 erat
584 3238 688 3305 lactus)
710 3256 740 3291 se
757 3237 908 3290 contulisse
929 3237 1041 3289 volunta
1068 3254 1182 3308 quorum

72 3317 168 3382 micioni
188 3330 339 3394 tenmornm
355 3323 477 3376 rationes
495 3325 620 3391 obstare,
643 3340 713 3393 quae
727 3322 895 3376 Herodotum
912 3320 957 3373 illo
974 3340 1046 3374 anno
1064 3323 1092 3374 in
1110 3322 1182 3374 vivis

73 3445 243 3465 κ...

158 3520 202 3573 Sic
214 3522 315 3573 Strabo
333 3522 404 3572 XIV.
423 3523 448 3571 2.
468 3539 494 3588 p.
513 3520 564 3572 656
585 3538 607 3572 s.
624 3520 676 3571 970
697 3521 730 3570 A.
745 3512 899 3583 Ἡρόδοτος
916 3509 951 3568 ὃν
972 3508 1091 3580 ὕστερον
1106 3514 1181 3570 (iod-

71 3596 118 3637 λων
161 3580 271 3641 nitesco.
302 3590 370 3640 Add.
384 3589 487 3640 Iuliani
498 3591 586 3654 Epist.
600 3589 633 3638 22
646 3589 705 3639 init.
718 3588 815 3638 Arion.
829 3604 867 3637 or.
881 3588 970 3637 morit.
984 3586 1027 3637 lu.
1040 3587 1180 3641 Plutarch.

70 3647 217 3722 benengo.
236 3658 339 3709 Herod.
364 3657 397 3709 35
420 3658 480 3708 init.
516 3659 559 3707 De
579 3656 676 3707 exsilio
695 3672 756 3721 cap.
785 3654 814 3705 13
831 3656 877 3705 fin.
913 3655 997 3704 Plura
1014 3655 1181 3721 Wesseliog.

70 3714 126 3772 Dite
141 3723 238 3780 Herod.
256 3744 284 3793 p.
303 3725 328 3787 a,
347 3726 441 3789 Haysc
459 3725 478 3776 l.
496 3724 515 3777 l.
534 3742 560 3791 p.
580 3724 613 3775 70
630 3740 715 3790 seqq..
734 3724 825 3773 Hand.
844 3723 863 3772 l.
883 3722 900 3772 l.
921 3740 945 3788 p.
964 3721 1023 3773 384.

119 3785 154 3853 ⁴')
170 3792 257 3845 Locus
269 3795 311 3844 sic
323 3809 353 3844 se
365 3793 463 3843 habet:
482 3785 553 3856 πρὸς
570 3785 625 3857 γὰρ
643 3795 706 3851 ταῖς
718 3789 851 3843 Μελιτίοι
869 3782 973 3848 πόλαις
990 3785 1182 3855 καλουμέναις

70 3839 129 3928 ilfi?
144 3849 172 3907 iv
183 3859 272 3928 Κοίλῃ
289 3854 323 3911 τοὶ
341 3853 505 3925 καλοόμενα
523 3852 652 3925 Κιμιόνια
670 3855 814 3925 μνήματα,
834 3852 909 3909 ἔνθα
923 3856 1071 3909 δείκνυται
1085 3853 1180 3921 Ἡρο-

70 3914 154 3973 δοτοο
170 3924 215 3978 καὶ
227 3926 411 3980 Θουκυδίδου
429 3920 530 3993 τάφος,
548 3929 597 3977 ubi
609 3928 767 3978 Viscontius
786 3927 978 3992 (Iconograph.
999 3927 1098 3990 Gracq.
1118 3928 1139 3978 l.
1154 3943 1180 3992 p.

70 3982 116 4049 315)
131 3995 248 4046 mendum
266 3997 410 4062 suspicans
428 4012 523 4047 vocem
537 3987 694 4059 Ἡροδότου
718 4012 732 4045 e
751 3999 827 4045 textu
844 3994 905 4045 tolli
922 3993 989 4056 vult,
1009 3996 1038 4043 in
1051 3986 1181 4059 Ἡρώδου

71 4060 150 4108 mutari
162 4062 234 4114 iubat
250 4064 353 4115 Corsis
372 4065 407 4114 ad
424 4063 567 4115 Plutarchi
580 4063 684 4114 Cimon.
703 4064 732 4112 4:
753 4063 822 4128 quod
840 4064 913 4112 idem
931 4062 1090 4121 Schaeiaro,
1110 4064 1180 4111 Krii-

70 4136 129 4187 qcro,
146 4128 204 4180 aliis
222 4132 335 4197 placuit.
371 4132 474 4183 Contra
492 4131 603 4197 Sauppe
622 4132 661 4192 (in
678 4132 752 4183 Actt.
771 4131 914 4182 societatis
933 4130 1033 4181 Graec.
1051 4130 1087 4179 11.
1107 4130 1133 4181 ⁶2.
1152 4147 1178 4194 p.

69 4186 117 4255 430)
132 4198 228 4249 mavult
246 4190 375 4263 Ὀλόρου,
400 4200 470 4265 quod
492 4199 600 4280 recepit
616 4201 814 4280 Westcrmann.
838 4199 907 4248 Vitt.
932 4198 1048 4278 Graeco.
1072 4199 1178 4262 scriptt.

70 4269 126 4402 iii.
139 4260 245 4393 iiiiii
263 4269 426 4401 ilidii?
442 4266 889 4395 liiilidtilittiiillll·
903 4263 1178 4398 iipiiliiiinlil

71 4390 126 4443 'nhil
141 4397 165 4447 iu
181 4400 335 4454 Marcellini
350 4403 443 4454 vorbis
460 4401 618 4454 mutandum
637 4408 810 4454 censuerunt.
