2834 5142
201 415 264 477 498
502 452 507 463 ·
612 407 928 473 COMMENTATIO

203 583 279 637 licam
295 601 349 635 une
366 600 424 635 cum
440 583 570 636 harcheri
586 582 659 635 notis
674 582 780 635 Gallico
794 599 920 635 sermone
935 582 1100 652 conscriptis
1115 581 1281 647 absolvunt,
1297 581 1343 634 sd·

202 668 259 720 dios
274 668 337 720 Vita
351 668 462 722 Homeri
483 674 511 719 et
527 668 637 720 Ctesiee
653 667 801 737 Excerptis
819 665 893 736 apud
909 665 1050 735 Pbotium3
1074 667 1208 737 septimus
1224 666 1346 719 tabule·

202 753 425 822 geographicam,
443 759 558 805 octavus
572 751 774 821 chronologiam
788 751 927 819 continet,
943 769 1033 805 nonus
1048 752 1163 805 indices.
1194 751 1263 822 lpse
1278 751 1334 804 Gal

203 838 255 890 lica
275 838 482 908 interpretatio,
508 856 563 890 non
581 843 708 890 accurate
728 836 840 904 singula
859 836 979 889 reddens
1001 837 1100 904 verba,
1124 853 1238 890 sensum
1256 835 1345 905 magis

202 931 281 975 curat
298 923 418 993 indeque
436 922 613 976 recentiorem
636 922 717 975 nimis
736 919 844 974 redolet
864 927 995 989 aetatem,
1017 922 1125 992 perdita
1144 920 1191 974 ills
1206 922 1346 975 sermonis

201 1007 353 1061 Herodotei
369 1008 541 1078 simplicitate
561 1014 590 1060 et
609 1007 703 1059 nativo
724 1006 771 1059 illo
789 1005 896 1076 colore,
917 1023 973 1078 quo
995 1006 1127 1060 historiae
1146 1014 1226 1076 pater
1251 1014 1345 1059 teuto·

202 1110 268 1161 pere
283 1094 391 1150 eminet.
430 1093 463 1145 In
479 1091 655 1145 adnotatione
677 1097 708 1144 ut
722 1091 803 1162 plura
820 1090 934 1160 protulit
947 1091 1086 1161 interpres
1104 1108 1176 1144 nova
1193 1091 1227 1143 ad
1248 1110 1297 1144 res
1311 1092 1346 1143 ab

201 1177 343 1230 Herodoto
360 1186 485 1231 narratae
503 1176 681 1229 illustrandae
698 1193 828 1246 perquem
844 1182 1006 1246 aptantque
1022 1176 1117 1243 utilia,
1135 1176 1174 1228 its
1189 1175 1264 1229 haud
1282 1193 1346 1229 raro

202 1261 281 1315 nirnis
296 1264 431 1316 verbosus
447 1268 491 1315 est
509 1268 537 1314 et
558 1261 637 1314 modo
657 1278 690 1314 ea
710 1261 824 1330 repetit,
849 1276 921 1331 quse
941 1261 992 1313 ism
1012 1261 1135 1331 priorum
1149 1260 1344 1332 interpretum,

201 1346 376 1401 Valckenarii
392 1348 562 1417 potissimum
576 1364 608 1399 ac
620 1345 817 1414 wesselingii,
834 1345 910 1398 curis
924 1345 1006 1398 allata
1020 1352 1109 1399 erant.

286 1437 312 1485 2.
334 1433 428 1485 Altera
444 1431 551 1484 Gallice
568 1431 660 1484 versio
674 1430 727 1483 viri
739 1430 812 1483 docti
828 1431 897 1485 Miot
913 1430 1059 1499 „Histoire
1074 1429 1262 1498 d’Herodote,
1285 1429 1343 1482 sui-

201 1517 246 1570 vie
261 1517 295 1570 de
310 1517 336 1569 la
350 1517 401 1570 Vie
418 1517 574 1569 d’Homere.
604 1515 742 1568 Nouvelle
756 1515 942 1580 Traduction,
964 1533 1014 1586 per
1029 1520 1061 1570 A.
1076 1518 1107 1570 F.
1126 1515 1227 1574 Meu‘
1263 1513 1344 1567 Paris

202 1604 279 1657 1822.
310 1602 353 1654 1Π
364 1601 434 1655 Voll.
453 1604 478 1656 8.
499 1604 575 1655 1858.
594 1599 692 1655 211011.
710 1602 766 1667 8.),
782 1600 810 1652 in
828 1599 949 1668 singulis
963 1599 1100 1654 Herodoti
1115 1598 1209 1653 verbis
1224 1599 1344 1652 reddeu—

202 1687 244 1741 dis
260 1686 344 1740 multo
361 1687 530 1754 accuratior,
554 1685 700 1754 scriptoris
721 1686 885 1738 sententiam
906 1685 976 1737 bene
995 1684 1156 1756 plerumque
1176 1685 1293 1754 exponit
1313 1702 1345 1735 ac

202 1779 346 1842 praeterea
365 1772 393 1824 in
414 1772 488 1824 notis
510 1770 641 1840 quaedam
664 1771 747 1822 affert
768 1769 802 1821 ad
822 1769 958 1823 Herodoti
978 1769 1187 1839 intelligentiam
1205 1768 1345 1822 meliorem

201 1857 280 1910 valdo
291 1856 504 1922 accommodata,
520 1856 622 1925 quibus
635 1854 782 1924 aliquoties
793 1854 821 1906 in
835 1863 931 1909 nostra
942 1854 1064 1908 editione
1076 1855 1120 1907 usi
1132 1870 1238 1907 sumus.
1260 1852 1344 1907 Post·

201 1943 251 1994 hec
263 1942 334 1994 duee
345 1941 414 1994 eliae
431 1941 573 1994 versiones
584 1940 611 1992 in
623 1940 706 1992 lucem
718 1938 882 2008 prodierunt
893 1940 958 1992 hae:
976 1940 1148 2006 „Herodoto
1168 1938 1342 1992 Traductiou

202 2026 328 2080 nouvelle
344 2044 394 2097 par
408 2028 440 2080 E.
451 2032 481 2080 A.
493 2027 621 2080 Betunt.“
642 2025 759 2077 Geneve
774 2031 803 2076 et
816 2023 906 2078 Paris.
926 2025 1002 2079 1837.
1018 2024 1061 2076 ΙΙΙ
1075 2024 1144 2077 Voll.
1155 2026 1196 2078 12.
1213 2055 1252 2068 -
1270 2023 1343 2091 „Hl-

201 2111 287 2164 stoire
309 2112 489 2165 d’Herodote.
523 2108 693 2162 Traduction
717 2108 844 2161 nouvelle
863 2126 930 2161 avec
956 2125 1010 2161 une
1030 2108 1217 2161 introduction
1240 2116 1270 2160 et
1293 2107 1344 2160 des

201 2206 280 2248 notes
301 2214 352 2265 per
370 2198 398 2249 P.
416 2197 546 2267 Giguet.“
563 2194 653 2246 Paris.
671 2196 747 2247 1859.
762 2194 789 2246 8.
813 2193 923 2256 Quibus
945 2194 1046 2246 addere
1066 2193 1145 2246 licet:
1167 2192 1343 2259 „Herodoto-

200 2280 294 2333 Recits
309 2281 377 2334 tirds
393 2281 426 2333 de
441 2298 487 2333 ses
502 2279 641 2332 histoires.
670 2277 840 2330 Traduction
856 2278 984 2331 nouvelle
998 2278 1133 2347 precedes
1150 2278 1235 2330 d'une
1250 2276 1344 2330 notice

200 2365 399 2435 biographique
413 2373 441 2417 et
456 2364 576 2417 literaire
592 2381 641 2416 sur
656 2362 796 2415 Herodote
814 2370 842 2415 et
857 2366 1054 2433 accompegnte
1069 2362 1103 2414 de
1116 2361 1294 2427 sommaires,
1309 2362 1343 2414 de

199 2458 280 2503 notas
295 2450 518 2519 geograpbiques
533 2457 562 2501 et
576 2448 745 2517 historiques
761 2454 789 2499 et
804 2447 838 2500 de
853 2447 990 2501 medailles
1002 2446 1133 2517 antiques
1149 2454 1264 2501 servant
1280 2445 1342 2499 d'il-

200 2535 348 2588 lustration
364 2552 398 2587 su
414 2525 489 2587 text'e
506 2551 557 2603 par
569 2534 687 2587 Bouohot
701 2533 825 2587 Corlct.“
847 2531 936 2586 Paris.
953 2534 1031 2587 1880.
1054 2534 1082 2591 8.

286 2624 376 2690 Atque
390 2620 434 2671 hic
446 2619 526 2672 etium
537 2617 720 2670 nominandus
732 2619 762 2671 Ρ.
777 2618 943 2684 1100111111,
958 2617 1007 2688 qui
1023 2633 1078 2670 uno
1094 2617 1170 2669 tertii
1186 2615 1248 2668 libri
1263 2617 1342 2685 frag-

200 2713 291 2757 mento
306 2704 333 2755 in
352 2703 486 2757 Gallicum
506 2720 657 2755 sermonem
672 2719 807 2755 converso
823 2703 892 2755 satis
908 2701 1086 2767 monstravit,
1112 2702 1179 2771 quid
1196 2710 1343 2771 praestare

200 2790 353 2860 potuisset,
368 2788 392 2840 si
405 2794 491 2841 totum
502 2787 672 2840 Herodotum
683 2785 788 2839 Gallice
799 2794 962 2840 convertere
973 2785 1118 2842 voluisset.
1150 2785 1258 2839 Eximio
1273 2785 1345 2838 haer

200 2873 292 2927 versio
308 2872 423 2925 Parisiis
441 2872 544 2942 prodiit
562 2874 629 2926 1823
645 2872 695 2924 hoc
709 2871 761 2924 sub
773 2870 869 2924 titulo:
887 2871 1076 2941 „Prospectus
1088 2869 1171 2923 d’une
1182 2870 1342 2924 traductiou

201 2957 328 3011 nouvelle
342 2956 511 3009 d'Herodote
525 2963 675 3009 contenent
689 2973 726 3009 un
740 2957 878 3025 fragment
895 2957 931 3009 du
949 2956 1019 3010 livre
1032 2954 1174 3008 troisieme
1189 2963 1218 3007 et
1233 2955 1259 3006 la
1274 2959 1344 3025 pre·

184 3044 260 3095 ‘iace
277 3042 313 3094 du
330 3041 521 3094 traducteur.“
539 3044 581 3107 8.,
604 3059 635 3093 ac
654 3041 754 3094 deinde
769 3042 849 3094 etiam
865 3041 939 3111 typis
957 3039 1077 3111 repetita
1097 3047 1141 3092 est
1159 3040 1186 3091 in
1205 3038 1274 3091 libro
1298 3056 1344 3091 ra-

201 3125 282 3179 riori:
304 3125 478 3194 „collection
499 3126 631 3197 complete
648 3126 698 3178 des
714 3124 868 3196 Pamphlets
887 3125 1036 3195 politiques
1056 3131 1085 3177 et
1099 3124 1258 3195 Opusculea
1277 3123 1345 3175 lite-

200 3212 288 3265 111101
309 3211 343 3264 de
358 3211 390 3265 P.
406 3212 439 3264 1..
458 3210 607 3264 Courier.“
634 3209 778 3264 Bruxelles
797 3211 1094 3280 temptabant
1112 3227 1190 3279 seqq.
1218 3209 1263 3260 Tu
1281 3208 1344 3261 vid.

199 3313 325 3368 quoque,
342 3313 413 3366 quae
428 3295 561 3349 disseruit
576 3295 731 3349 Villemain:
747 3295 902 3364 Melanges.
920 3294 982 3348 Vol.
999 3294 1051 3347 111.
1069 3313 1098 3364 p.
1114 3295 1166 3349 338
1182 3311 1262 3364 seqq,
1277 3294 1342 3364 (ed.

201 3381 381 3449 Bruxelles.).

283 3469 310 3522 3.
331 3465 456 3519 Accessit
472 3468 542 3520 ltulu
554 3465 644 3518 versio
660 3470 689 3518 et
703 3464 763 3535 ipse
779 3466 806 3517 in
823 3463 966 3535 scriptoris
982 3480 1067 3517 sensu
1084 3461 1225 3515 reddendo
1239 3461 1279 3513 ita
1295 3477 1341 3514 ae·

200 3559 308 3619 curata,
333 3557 363 3604 ut
383 3551 474 3604 111101
492 3569 509 3603 a
529 3549 674 3623 scriptoris
690 3550 829 3603 sententia
849 3548 1027 3603 aberraverit.
1070 3546 1190 3600 Minoris
1212 3547 1341 3599 momenti

199 3643 267 3688 sunt
281 3636 473 3689 annotationes
488 3634 557 3688 Italo
571 3653 697 3688 sermone
712 3635 746 3687 ad
762 3635 859 3689 calcem
875 3634 1030 3700 subiectae3
1052 3631 1080 3685 in
1097 3633 1199 3704 qulbus
1214 3631 1260 3683 vix
1274 3632 1341 3684 novi

200 3720 347 3792 quidquem
368 3719 508 3790 reperias,
531 3718 605 3791 quod
625 3738 678 3772 non
701 3719 779 3789 prius
796 3721 830 3773 ab
845 3719 907 3772 aliis
922 3717 1057 3772 Herodoti
1072 3716 1273 3787 interpretibus
1287 3715 1340 3768 ism

200 3804 309 3857 allatum
325 3805 417 3858 fuerit.

286 3888 392 3942 Prodiit
407 3889 471 3942 haec
492 3888 585 3941 versio
600 3888 646 3940 in:
669 3888 841 3960 „Collesioni
858 3887 931 3957 degli
946 3886 1047 3941 antichi
1069 3885 1175 3938 istorici
1189 3885 1266 3953 greci
1282 3883 1339 3936 vol·

199 3974 352 4043 0111111011ιι
368 3981 450 4044 atque
465 3974 506 4027 sic
522 3973 697 4026 inscribitur:
716 3974 756 4027 Le
769 3990 860 4027 nuove
874 3973 956 4026 Muse
969 3972 997 4024 di
1008 3971 1132 4025 Erodoto
1144 3968 1338 4023 Alicsmasseo

202 4097 403 4109 —-——

200 4171 312 4222 rumque
328 4154 400 4206 1855.
418 4155 517 4206 21011.
536 4154 562 4205 8.
591 4155 727 4205 Lercberi
738 4160 835 4217 uotae,
853 4154 951 4220 partim
965 4157 1079 4215 auctae,
1095 4152 1196 4219 partim
1213 4157 1335 4203 mutans
1414 4192 1415 4197 ,

200 4227 377 4275 continentur
393 4239 498 4289 quoque
515 4223 566 4274 hoc
585 4224 666 4274 libro:
687 4223 859 4285 „Historiosl
878 4222 932 4272 aud
950 4220 1056 4272 critical
1075 4227 1225 4271 commenta
1243 4236 1279 4269 on
1291 4219 1336 4268 the

199 4293 305 4356 history
317 4292 348 4342 oi
355 4292 522 4342 Herodotus:
540 4290 606 4342 with
619 4307 636 4340 a
648 4291 855 4357 chronological
867 4290 952 4345 table.
967 4289 1036 4339 from
1047 4288 1094 4338 tho
1107 4287 1205 4338 trench
1218 4288 1249 4338 01
1260 4289 1289 4339 P.
1301 4286 1334 4336 11.
1414 4286 1415 4319 l

200 4360 335 4422 Lsrcber,
360 4375 420 4409 new
442 4359 546 4410 edition
568 4359 633 4408 with
651 4358 843 4410 considerable
861 4357 1030 4408 corrections
1047 4357 1102 4407 aud
1119 4356 1277 4417 additions,
1301 4356 1336 4418 by
1414 4376 1415 4379 ¹

206 4428 316 4478 Wilttoaa
329 4427 494 4493 Deaborouglt
508 4427 630 4491 Cooley.“
648 4427 763 4477 London
778 4425 850 4478 1843.
868 4424 968 4476 21011.
987 4422 1012 4475 8.
