2952 5156
238 398 299 458 160
645 391 941 452 ⁰HERODOTI

237 561 340 635 κακὸν
357 561 419 652 τὴν
437 558 578 634 Ἐλλάδα
602 561 804 655 ἐργάσαιντο.
841 570 872 633 εί
893 560 957 654 γὰρ
979 559 1207 651 ἀναγκασθείη
1230 557 1379 651 ἀπολαμ-

237 667 339 755 φθεὶς
361 660 379 735 ὁ
402 667 537 754 Πέρσης
557 667 672 755 μένειν
691 667 728 735 ἐν
750 668 793 754 τῇ
815 653 975 756 Εὕραέπη,
1000 667 1141 758 πειρῷτο
1164 659 1208 734 ἂν
1234 658 1380 755 ἡσυχίην

236 765 281 857 μὴ
299 764 404 855 ἄγειν·
424 761 469 848 ὦς
487 763 600 854 ἄγοντι
618 769 680 857 μέν
703 772 740 835 oi
758 761 902 856 ἡσυχίην
924 764 1001 836 οὔτε
1024 796 1055 835 τι
1077 766 1280 857 προχωρέειν
1302 761 1381 836 οἷόν

236 895 272 939 τε
290 875 380 939 ἔσται
401 870 469 939 τῶν
488 866 707 958 πρηγμάτων,
735 864 813 937 οὔτε
834 897 882 948 τις
905 864 1024 957 κομιδὴ
1048 865 1085 937 τό
1106 864 1213 938 ὀπίσω
1230 866 1382 956 φανήσε·

237 1000 303 1059 ται,
322 974 408 1063 λιμῷ
423 973 461 1040 τέ
475 975 510 1039 oi
527 965 546 1058 ἡ
564 967 700 1061 στρατιὴ
719 972 966 1059 διαφθερέεται.
988 972 1201 1060 ἐπιχειρέοντι
1226 969 1262 1038 tii
1285 964 1380 1062 αὐτῷ

237 1074 292 1142 καὶ
316 1079 416 1163 ἔργον
441 1074 585 1164 ἐχομένῳ
603 1070 711 1141 πάντα
727 1069 767 1141 τοὶ
785 1068 946 1158 κατέστην
963 1067 1133 1163 Εὐρώπην
1150 1066 1205 1140 οἷά
1227 1098 1263 1141 τε
1286 1078 1380 1140 ἔσται

237 1177 469 1266 προσχωρῆσαι
487 1170 570 1243 κατὰ
587 1171 681 1254 πόλις
698 1200 734 1242 τε
751 1175 806 1243 καὶ
825 1169 907 1243 κατὰ
925 1179 1040 1263 ἔθνεα,
1059 1170 1131 1260 ἤτοι
1149 1167 1380 1262 ἁλισκομένων

236 1365 328 1424 κακὸν
340 1363 523 1438 τὴνἙλλάδα
536 1363 716 1439 ἐργάσαιντο]
736 1374 781 1422 lta
831 1363 864 1422 τὸ
881 1361 970 1423 ὀπίσω
988 1371 1071 1437 (quod
1088 1372 1159 1422 idem
1177 1387 1263 1437 anper
1279 1387 1379 1437 propo·

238 1457 298 1490 oum
308 1445 424 1491 reeentt.
433 1441 494 1491 edd.
502 1439 652 1490 oranaim
663 1440 779 1490 Jahrbb.
832 1440 888 1488 snit
900 1440 987 1490 Cobet
1000 1441 1029 1489 in
1038 1440 1206 1503 Mnemosyn.
1220 1440 1266 1489 IL
1277 1455 1303 1503 p.
1314 1439 1379 1501 200)

238 1509 257 1559 1.
270 1509 406 1574 Philolog.
420 1508 515 1575 Suppl.
533 1508 580 1558 IX.
598 1525 624 1573 p.
637 1505 696 1558 336.
713 1509 780 1559 aeri·
833 1497 1381 1572 nutandeo'uloor(utVIIl,120l‚postea

237 1578 294 1642 pai,
309 1575 386 1627 oodd.
400 1576 482 1627 valde
494 1575 701 1639 fluctuantibus,
715 1591 780 1640 quo·
831 1576 930 1626 merito
951 1575 1092 1640 acquievit
1111 1576 1140 1623 in
1162 1573 1289 1640 vulgate,
1315 1590 1379 1624 oum

237 1659 295 1693 ram
320 1644 428 1709 plurimi
453 1658 504 1708 σφι
528 1643 617 1706 (cuins
641 1643 703 1693 loeo
726 1643 779 1693 duo
831 1657 899 1692 eane
923 1656 1019 1708 parum
1043 1642 1154 1692 differat
1177 1635 1209 1691 τὸ
1233 1632 1324 1692 ὀπίσω
1350 1648 1381 1691 et

237 1700 339 1830 σφέαχ)
363 1717 392 1761 et
412 1710 509 1762 κακῶν
528 1727 577 1776 pro
593 1703 685 1762 κακὸν
701 1713 779 1761 item·
832 1703 930 1771 ὀπίσω,
942 1709 1012 1775 qnod
1023 1725 1048 1759 v.
1057 1709 1190 1776 elegitur
1198 1710 1222 1771 Ι,
1232 1708 1292 1758 207.
1310 1709 1380 1760 Por·

238 1795 289 1845 qne
323 1771 473 1844 ργάσαιτο,
492 1780 539 1829 ubi
555 1794 624 1829 unna
639 1778 781 1829 Sanoroiti
831 1792 905 1828 mem
927 1779 1013 1827 inturi
1035 1778 1119 1827 medii
1142 1771 1380 1843 διαφθαρέεται,

237 1847 320 1909 liber,
340 1852 471 1912 qnantum
484 1848 556 1907 eolo,
576 1846 650 1897 olare
665 1846 782 1912 praebet
831 1851 862 1895 ut
874 1860 967 1896 omnes
980 1844 1057 1896 codd.
1072 1845 1196 1910 exeeptis
1208 1845 1312 1895 duobus
1324 1846 1379 1894 Pa-

237 1906 420 1979 έργιὶσαιντο,
445 1916 522 1964 onias
540 1915 601 1964 loeo
619 1914 690 1978 quod
704 1914 782 1963 dedit
831 1914 926 1963 rIsinia
942 1912 995 1963 hoo
1011 1913 1072 1963 loco
1090 1913 1221 1963 exhibent
1243 1928 1276 1963 ao
1292 1912 1378 1977 pleri-

237 1982 362 2031 Dindorl'.
378 1974 509 2047 έργασαί
512 1997 580 2039 ατο,
598 1983 627 2031 id
640 1986 716 2031 certe
726 1982 781 2031 He·
832 1996 884 2046 que
898 1982 981 2031 etiam
993 1981 1041 2043 lx,
1055 1982 1097 2043 42,
1114 1986 1205 2030 tuetur
1216 1980 1336 2032 Bredor.
1348 1997 1376 2045 p.

237 2050 325 2099 rodoti
342 2051 417 2110 neni,
437 2051 483 2113 qni
500 2050 540 2098 ita
556 2049 669 2099 tertiam
686 2064 781 2114 perso-
831 2047 882 2101 356
903 2050 933 2098 in
949 2050 1041 2100 activo
1063 2041 1240 2113 διαφθερέω
1263 2048 1320 2097 diei
1337 2048 1379 2110 (ut

237 2131 301 2165 nam
329 2115 444 2181 pluralia
474 2116 591 2166 formare
615 2116 686 2165 solet
715 2116 780 2179 (vid.
831 2117 863 2177 V,
876 2116 921 2182 51)
933 2120 1023 2166 ratae:
1047 2116 1377 2181 adeoutinhieqnoque

238 2183 335 2233 Struve
353 2185 381 2232 in
399 2183 500 2233 Comm.
518 2183 552 2233 de
567 2185 642 2234 exitu
655 2198 781 2234 verenam
832 2184 1065 2235 formiaNoatrum
1083 2184 1208 2234 variasse
1222 2183 1377 2243 existimem
1473 2230 1474 2243 ,

238 2251 267 2299 in
293 2251 383 2301 Nonni
411 2251 575 2303 carminibb.
604 2251 781 2317 Konigsnerg
831 2252 881 2303 aed
898 2244 1116 2317 διαφθερέεται
1135 2267 1216 2301 unum
1229 2251 1377 2316 genuinum
1473 2294 1474 2301 ,

238 2315 313 2368 1834.
327 2334 389 2383 pag.
404 2316 436 2368 16
449 2334 521 2383 seq„
538 2319 656 2370 Bredov.
670 2336 695 2384 p.
709 2318 779 2384 331),
832 2334 894 2370 ease
915 2320 1075 2385 pronuntiat
1093 2318 1181 2369 Cobet
1196 2318 1226 2368 in
1243 2319 1376 2368 Mnemos.

237 2387 327 2451 magia
349 2386 459 2436 videtur
481 2386 661 2450 conveniens,
687 2402 780 2451 qnam·
832 2387 880 2439 [x.
897 2403 925 2452 p.
942 2386 1063 2451 onoreq.
1097 2387 1231 2451 Equidem
1248 2385 1294 2436 hie
1312 2401 1376 2450 qno·

238 2468 317 2517 qnam
335 2454 364 2503 in
380 2453 456 2505 nnllo
472 2453 544 2504 libro
559 2455 662 2519 scripto
674 2456 780 2505 inveni·
832 2470 883 2519 que
902 2454 1060 2505 alibrorum
1079 2456 1240 2518 scriptorum
1260 2454 1378 2503 auetori-

238 2527 289 2571 tur.
329 2523 558 2572 Etenimeensue
581 2528 637 2572 est:
660 2524 781 2587 seipsos
832 2528 890 2573 tate
903 2526 978 2572 stare
991 2523 1083 2572 malni.
1113 2523 1156 2572 De
1170 2520 1376 2587 significatione

237 2590 284 2639 λοι
300 2592 433 2639 maximnm
449 2593 554 2640 ονιπίανι
569 2594 657 2640 molum
674 2590 707 2653 (ε.
725 2607 782 2640 ma·
833 2590 920 2640 intnri
937 2589 1019 2639 medii
1036 2589 1297 2651 vid.nott.adV11‚
1316 2589 1393 2651 1973·

236 2657 333 2721 lorum)
359 2658 483 2707 Graeciae
504 2659 618 2708 illaturos
640 2673 709 2715 esse,
733 2658 782 2707 uhi
833 2659 866 2707 de
896 2658 1034 2707 loontIone
1059 2651 1144 2721 ἔργον
1168 2649 1286 2722 ἔχεσθαι
1314 2657 1377 2708 vide

237 2727 320 2790 σφεῖς
338 2739 400 2774 oum
424 2726 453 2775 vi
470 2726 588 2790 quadem
603 2728 723 2791 positum
740 2725 782 2775 vi·
832 2723 1040 2786 aeternvm,
1058 2724 1095 2775 11.

237 2792 317 2842 detur
328 2808 376 2858 pro
389 2784 485 2854 αὐτοὶ,
504 2798 534 2842 ut
546 2794 606 2855 Vll,
622 2791 679 2842 168.
711 2792 781 2843 Con·
867 2784 916 2843 οἷά
928 2807 958 2842 τε
971 2786 1048 2843 ἔσται
1059 2789 1259 2858 προσχωρῆσαι
1269 2808 1296 2844 ιι.
1307 2807 1331 2842 τ.
1340 2789 1376 2858 L]

237 2865 281 2909 tra
298 2860 396 2911 Strnve
413 2859 433 2909 l.
450 2860 468 2909 l.
487 2875 550 2926 pag.
571 2861 601 2910 17
622 2865 713 2910 tuetur
730 2874 781 2926 σφι
832 2861 909 2911 Fieri
925 2876 1005 2926 poseo
1023 2861 1064 2910 ait
1075 2861 1165 2919 Leoo,
1184 2868 1214 2910 at
1231 2875 1327 2910 omnes
1340 2861 1375 2910 oi·

238 2932 266 2976 et
278 2918 443 2990 ἐργάσαιτο
456 2926 592 2992 singulari
604 2943 725 2989 numero,
739 2944 781 2978 re·
832 2929 937 2978 vitatos
955 2933 1105 2994 gentesque
1121 2929 1151 2978 in
1163 2930 1273 2994 Europa
1287 2929 1323 2979 ad
1336 2944 1377 2978 re·

238 2993 330 3043 fereae
349 2994 384 3043 ad
400 2992 485 3044 τοῦτο
502 2995 563 3047 soil.
581 2988 613 3045 τὸ
630 2994 714 3046 λῦσαι
729 2989 782 3054 τὰς
832 3012 895 3062 gem
913 2996 1061 3058 accedant,
1080 3012 1141 3046 enm
1157 2996 1202 3047 vel
1218 2997 1246 3046 vi
1264 2997 1379 3061 cepian-

237 3058 366 3125 σχεδίαις
397 3062 467 3127 quod
489 3064 513 3111 ei
529 3062 571 3113 ita
587 3065 727 3128 aecipite,
751 3070 782 3113 nt
832 3068 876 3114 tnr
885 3064 931 3115 vel
941 3068 1005 3114 ante
1016 3063 1124 3113 iaciant
1132 3064 1309 3114 deditionem.
1322 3064 1379 3115 Ubi

237 3128 404 3192 Eurybiadia
427 3130 566 3180 sententie
588 3130 659 3181 haee
682 3132 780 3182 inerit:
832 3132 891 3182 noli
911 3132 1006 3181 mirari
1028 3132 1167 3196 genitivos
1181 3122 1379 3197 ἁλισκομένων

236 3199 264 3246 id
275 3197 305 3259 (ἱ.
316 3212 340 3246 e.
354 3201 451 3262 pontes
463 3197 577 3262 solutos)
587 3200 719 3249 mammem
730 3216 780 3250 om·
833 3204 861 3249 et
877 3194 1103 3264 ὁμολογεόντων,
1126 3199 1313 3265 praeoedente
1332 3215 1378 3248 ee·

236 3268 302 3315 ntum
318 3268 407 3315 ιοαὶανι
424 3266 548 3317 Graeciae
564 3270 696 3317 allaturum
716 3282 780 3327 eree,
833 3267 957 3318 eneetivo
979 3258 1060 3325 πόλις
1077 3271 1161 3331 utque
1179 3260 1284 3317 ἔθνεσι
1312 3282 1379 3316 nam

236 3333 365 3397 offendit,
380 3333 438 3384 alia
450 3339 481 3384 ut
492 3339 617 3397 taceam,
632 3350 781 3399 pronomen
833 3336 929 3386 eadem
946 3335 1043 3386 ratioI
1069 3333 1185 3400 3atque
1204 3335 1290 3385 etiam
1302 3334 1377 3395 VIII,

236 3415 302 3467 σφι,
322 3401 393 3466 qnod
410 3401 480 3453 bene
494 3401 627 3468 explicari
644 3403 690 3454 vix
702 3408 779 3470 pote·
832 3419 894 3468 cap.
910 3401 957 3453 100
969 3404 1030 3452 init.
1046 3372 1263 3468 έιιπεφενγότων
1277 3416 1380 3468 περιη-

236 3470 285 3531 rit3
309 3470 371 3535 ipsa
389 3472 529 3520 sententio
546 3472 634 3520 minue
656 3477 722 3537 apta
739 3472 779 3521 vi·
830 3464 964 3535 μέκτεον,
983 3470 1054 3535 quod
1071 3471 1155 3520 aliter
1172 3469 1294 3535 explieat
1305 3470 1379 3519 Mat-

236 3537 328 3587 rletur:
349 3551 432 3601 quare
445 3539 474 3588 in
486 3554 534 3599 ea,
553 3554 634 3602 qnam
646 3538 721 3598 dedi,
740 3538 780 3590 le·
831 3538 906 3589 thiae
926 3540 972 3589 Gr.
987 3539 1032 3588 Gr.
1050 3538 1074 3599 §-
1087 3539 1145 3589 055.
1181 3539 1235 3588 Sed
1253 3537 1310 3587 vid.
1327 3538 1377 3597 IX,

237 3605 328 3655 ctione
354 3610 382 3653 et
401 3604 631 3671 interpretatione
654 3607 778 3672 aequiee·
829 3605 864 3656 98
886 3612 914 3656 et
932 3606 969 3657 ei.
986 3605 1139 3670 Thucydid.
1158 3606 1209 3669 IV,
1227 3604 1267 3656 73.
1288 3605 1326 3661 V,
1344 3604 1379 3655 23

237 3687 301 3722 oere
318 3670 421 3721 malim.
461 3673 502 3722 Ad
519 3673 632 3724 verbum
652 3663 780 3739 oiuolap-
831 3674 924 3738 ibique
937 3674 1009 3723 inter
1029 3679 1093 3724 rett.
1119 3673 1182 3724 Alie
1195 3673 1378 3724 excitavimus
1442 3678 1448 3689 '
1473 3704 1474 3707 =

237 3734 327 3804 φθελς
340 3740 481 3801 (excomm,
494 3742 659 3805 ἐπιποιμένες)
671 3742 725 3791 vid.
741 3741 780 3791 al·
814 3757 914 3807 .eupre
926 3742 961 3791 ad
973 3691 1047 3803 0111,
1062 3739 1103 3794 00.
1133 3737 1216 3800 πόλις
1228 3756 1290 3791 cam
1302 3740 1377 3791 Bek-

236 3807 296 3856 lata
320 3807 354 3855 ad
373 3806 454 3868 VIII,
477 3807 507 3856 ll
532 3814 560 3858 et
584 3809 617 3859 de
641 3808 780 3859 locutione
831 3809 898 3859 kero
922 3812 951 3858 ot
973 3808 1112 3860 Dindorfio
1136 3809 1213 3871 dedi,
1238 3818 1268 3857 nt
1292 3824 1378 3874 supra

236 3865 360 3940 ἡσυχίην
369 3863 460 3938 ἄγειν,
472 3875 501 3925 ia
514 3891 568 3940 qna
578 3876 711 3927 articulus
723 3876 780 3942 ple·
831 3892 893 3941 oap.
903 3876 945 3926 57.
956 3874 998 3925 68.
1011 3877 1035 3936 ἓ.
1046 3877 1062 3926 2
1076 3878 1243 3927 assentiente
1256 3877 1377 3926 Bredov.

237 3956 349 4006 rumque
368 3942 514 4006 omittitur,
532 3948 600 3993 nott.
620 3944 655 3995 ad
667 3944 734 4003 VII,
749 3944 777 3993 11
830 3958 894 4008 pag.
912 3942 971 3992 265.
1006 3944 1155 4009 vulgatam
1172 3937 1289 4002 πόλιας
1312 3945 1378 3993 reti-

237 4016 266 4059 et
283 4009 380 4060 Struve
398 4009 516 4075 Opueoo.
535 4010 643 4061 aeleott.
662 4013 698 4061 11.
716 4027 779 4076 pag.
830 4011 891 4060 nuit
902 4010 1028 4061 Dietsoh.
1051 4011 1083 4060 In
1094 4011 1200 4063 verbIa:
1219 4003 1334 4076 τροφήν
1347 4026 1377 4061 τε

239 4076 296 4128 108.
332 4078 374 4126 De
386 4078 530 4143 particulie
546 4067 611 4128 οὔτε
625 4106 657 4113 -
669 4067 735 4129 οὔτε
748 4106 779 4115 -
832 4072 907 4139 ἕξειν
929 4074 1019 4143 σφέας
1042 4074 1092 4129 τὸν
1116 4070 1233 4129 έπέτεον
1254 4068 1302 4128 αἐὶ
1319 4077 1377 4129 τόν

236 4160 266 4195 τε
279 4144 397 4195 diximus
410 4146 445 4195 ed
457 4146 496 4195 VI
503 4184 509 4207 ,
525 4145 564 4195 ll.
823 4136 966 4212 Ἑλλήνων
977 4138 1101 4209 καρπὸν,
1118 4162 1267 4211 pronomen
1283 4141 1378 4210 σφέας

271 4205 386 4277 κομιδὴ]
405 4214 424 4262 1.
438 4228 462 4263 e.
475 4216 585 4275 rediture,
598 4218 629 4262 nt
641 4214 708 4276 vn,
720 4214 779 4266 225.
831 4214 866 4263 ad
875 4216 976 4264 Persae
986 4218 1105 4280 apeotat,
1118 4214 1313 4279 qrdbueoeaaet
1323 4216 1379 4264 Eu·

239 4280 383 4339 17011111,
399 4279 437 4331 10.
453 4280 509 4330 120.
524 4282 571 4343 IX,
588 4280 706 4345 107.1V,
722 4281 778 4333 134.
830 4282 959 4345 rybiades
981 4296 1078 4333 αιιιιαοε
1099 4282 1253 4332 Graecorum
1272 4282 1378 4345 fructu

237 4347 406 4415 Schweigh„
424 4349 470 4412 qai
483 4353 566 4418 antea
578 4350 738 4419 coniecerat
751 4341 779 4409 ές
830 4353 946 4403 alimento
955 4350 1033 4414 som
1045 4339 1161 4400 έπέτεον
1173 4349 1235 4399 dedi
1248 4365 1298 4414 pro
1311 4341 1378 4401 ἐπέ-
