2866 5134
268 423 325 481 DE
348 422 454 483 VITA
475 423 533 480 ET
556 421 749 481 SORIPTIS
771 420 1006 483 HERODOTI.
1147 426 1205 487 481

85 593 183 661 indigna
195 592 324 645 videntur
340 609 419 660 esse,
441 592 501 645 sire
522 592 632 645 iuvenis
654 591 715 646 sive
732 593 894 647 adolescens
918 614 933 645 e
948 595 1085 646 rhetorum
1105 594 1207 647 scholis

86 678 124 730 rix
138 694 263 745 egressus
284 676 330 730 ille
346 678 413 731 haec
428 676 588 747 scripserit:
614 677 642 729 in
665 678 734 730 hanc
754 678 823 732 enim
844 679 1008 731 sententiam
1032 680 1109 732 abire
1129 679 1208 732 video

84 762 258 830 Sebaeierum,
273 760 365 833 quiin
380 762 577 816 animadversa
592 762 627 815 ad
638 761 778 815 Plutarchi
795 763 861 816 Vitt.
878 764 969 833 (Lips.
982 765 1055 835 apud
1066 765 1208 817 Teubner.

86 848 153 915 1830)
168 845 225 899 Vol.
235 848 273 899 ll.
286 864 313 916 p.
326 851 362 900 42
376 849 426 917 (ad
437 847 550 900 Aristid.
568 848 614 914 16)
629 848 696 900 haec
712 848 813 901 effatus
830 856 888 900 est:
912 849 1057 915 „Libellus
1070 850 1208 902 11111111-

83 932 151 1000 „doti
163 931 330 1000 malignitate
345 932 409 984 mibi
424 931 535 985 videtur
549 932 671 1001 scriptus
687 950 704 984 a
722 934 838 1001 iuvene,
862 950 943 1002 quem
959 935 1066 1003 patriae
1087 936 1209 987 studium

83 1015 223 1083 „laudabile
238 1024 334 1085 ageret
351 1025 548 1070 transversum.
581 1017 665 1080 Quod
680 1018 776 1087 ecquis
794 1018 889 1070 iuveni
903 1036 1039 1086 generoso
1054 1038 1109 1072 non
1124 1020 1206 1072 facile

83 1102 247 1168 „condonati
287 1101 336 1154 Vir
350 1103 440 1155 iactus
456 1101 554 1172 opiner
574 1101 601 1153 in
624 1111 729 1172 patrem
752 1101 883 1155 historiae
898 1103 964 1155 talia
979 1122 1033 1156 non
1051 1106 1208 1157 111111111-

82 1194 184 1253 „turur‚
201 1187 251 1239 sed
266 1204 298 1239 ea
313 1187 471 1240 revicturus
486 1186 615 1253 lenitate,
639 1204 693 1256 qua
707 1188 781 1240 inira
796 1187 868 1257 (Vit.
884 1187 969 1240 Arist.
986 1190 1032 1256 19)
1053 1189 1208 1259 plaudenti-

82 1271 144 1336 „bus
160 1271 238 1324 nobis
254 1272 382 1324 revicit.“
419 1272 476 1335 Qui
490 1271 576 1340 igitur
594 1271 623 1324 in
643 1271 712 1324 Vitis
730 1272 921 1325 Themistoclis
940 1281 968 1325 et
986 1273 1118 1328 Aristidis
1139 1274 1208 1327 scri-

82 1355 167 1407 bendis
180 1356 350 1409 Herodotum
364 1364 503 1409 auctorem
517 1356 641 1409 adhibuit
655 1357 794 1426 multaque
809 1357 874 1410 inde
889 1356 1059 1427 deprompsit
1074 1359 1135 1412 sine
1152 1358 1209 1411 ulla

82 1438 201 1493 Herodoti
217 1441 418 1494 obtrectatione
439 1441 500 1493 sive
520 1441 761 1514 criminatione*),
784 1460 845 1494 eum
864 1458 1002 1512 nunquam
1018 1442 1052 1496 de
1066 1444 1208 1496 Herodoto

82 1532 127 1576 tam
138 1524 267 1580 malevole
285 1525 452 1595 scripturum
470 1526 560 1578 fuisse
580 1526 677 1594 crede,
697 1527 920 1597 quemadmodum
934 1526 963 1578 id
982 1536 1076 1597 aperte
1094 1531 1160 1582 iecit
1172 1528 1208 1596 is,

82 1609 122 1678 qui
135 1610 204 1663 hunc
220 1609 342 1663 libellum
357 1611 390 1664 de
402 1610 536 1663 Herodoti
550 1610 718 1679 malignitate
734 1612 808 1665 inter
822 1612 963 1664 Plutarchi
979 1613 1083 1682 scripta
1093 1615 1209 1666 relatum

81 1695 257 1764 composuisse
278 1696 419 1765 putandus
432 1706 489 1762 est,
513 1695 573 1749 aire
594 1696 687 1748 rhetor
705 1697 864 1766 sophistave
879 1696 946 1764 1111,
971 1697 1031 1749 sive
1049 1698 1120 1750 alins
1135 1698 1208 1768 quis,

81 1779 122 1847 qui
141 1781 197 1833 sive
218 1780 425 1834 exercitationis
448 1798 545 1848 causa,
571 1782 631 1834 aire
650 1780 783 1849 gloriolae
802 1781 943 1835 cuiusdam
964 1782 1038 1850 apud
1061 1783 1209 1852 populares

81 1866 219 1933 captandae
246 1882 330 1918 causa
353 1864 441 1919 salsae
465 1874 550 1935 atque
573 1866 684 1935 ineptae
712 1867 854 1919 doctrinae
876 1866 995 1936 speciem
1019 1873 1209 1920 ostentaturus

81 1947 153 2002 istum
166 1950 285 2004 libellum
299 1950 413 2020 scripsit
427 1968 459 2003 ae
476 1951 623 2003 subditicio
640 1951 808 2004 celeberrimi
824 1951 969 2021 scriptoris
985 1952 1092 2004 nomine
1106 1953 1210 2004 instru-

81 2033 123 2086 rit.
158 2035 198 2089 De
214 2052 271 2106 que
290 2042 353 2088 utut
372 2036 489 2103 statuis,
510 2037 671 2087 frustratam
690 2044 765 2089 certe
785 2055 848 2089 esse
869 2036 930 2089 eius
949 2054 1057 2106 operam
1072 2037 1101 2088 in
1117 2037 1210 2089 detra-

81 2116 158 2171 hendo
171 2121 315 2175 Herodoto
330 2120 463 2189 positam,
485 2138 577 2173 ornnes
595 2122 747 2173 concedant
763 2139 876 2174 necesse
897 2129 953 2188 est,
982 2121 1030 2190 qui
1047 2121 1122 2174 nullo
1138 2122 1211 2174 iudi·

82 2202 116 2254 cie
130 2211 321 2274 praeoccupati
337 2205 371 2257 ad
387 2207 453 2258 haec
464 2206 643 2258 accesserint.
681 2206 720 2258 Ac
737 2206 837 2259 dudum
854 2205 948 2275 plures
963 2207 1016 2259 viri
1031 2206 1105 2259 docti
1120 2207 1210 2259 Hero-

82 2285 130 2340 doti
140 2307 250 2344 caasam
262 2297 357 2343 contra
369 2290 500 2358 malignas
515 2290 585 2342 istas
598 2307 738 2360 vanasque
750 2291 954 2344 criminationes
967 2291 1210 2363 susceperunt**),

82 2370 218 2444 inquibus
241 2375 390 2444 splendent
409 2375 537 2428 [oachim.
561 2375 751 2443 Camerarius,
778 2376 889 2446 loseph.
909 2375 1049 2443 Scaliger,
1071 2376 1210 2429 Henricus

83 2452 302 2533 septennem),
319 2460 375 2528 alii,
391 2467 418 2513 et
435 2460 606 2529 potissimum
622 2460 729 2512 Geinoz
744 2461 773 2512 11
790 2460 916 2530 pluribus
928 2461 1210 2513 commentationibus

85 2585 274 2600 ffl———n

138 2654 162 2723 *l
179 2657 348 2710 Plutarchus
364 2673 414 2724 pre
431 2672 505 2708 more
525 2673 588 2717 suo,
608 2673 660 2723 que
679 2662 805 2709 auctores
824 2674 840 2708 1
857 2674 887 2709 11
906 2658 1043 2709 adhibitos
1056 2659 1091 2709 iis
1103 2663 1210 2709 tantum

89 2718 313 2791 leeisplerumque
325 2726 486 2776 nominatim
500 2725 599 2776 afferre
612 2725 697 2788 solet,
717 2726 815 2791 quibus
833 2728 973 2777 contraria
990 2728 1114 2785 tradunt,
1133 2733 1181 2777 aut
1193 2743 1211 2776 1

88 2792 294 2857 sedissentiunt,
312 2793 481 2844 Herodotum
498 2809 604 2859 quoque
622 2794 756 2845 excitavit
771 2796 806 2845 iis
823 2799 930 2844 tantum
946 2794 1030 2858 locis,
1051 2795 1149 2860 quibus
1161 2794 1210 2844 ille

88 2857 121 2908 rel
130 2862 199 2913 aolus
212 2861 320 2927 aliquid
332 2862 442 2911 tradere
457 2861 504 2912 vel
517 2862 552 2911 ab
566 2861 631 2913 aliis
643 2878 732 2912 rerum
745 2863 925 2928 scriptoribus
942 2863 1090 2913 dissentire
1103 2863 1210 2914 videre·

86 2928 130 2976 tur:
146 2929 271 2981 laudavit
287 2929 373 2995 igitur
384 2929 553 2980 Herodotum
571 2932 600 2979 iu
615 2930 776 2981 Themisti
796 2930 844 2993 (cf.
858 2931 959 2981 Herod.
972 2932 1054 2990 VIII,
1066 2931 1092 2994 5)
1114 2929 1143 2979 11
1162 2930 1210 2993 (11.

85 2991 200 3049 Herodot.
214 2997 297 3057 VIII,
311 2995 353 3048 93.
369 2996 415 3047 123
427 2997 519 3062 ibique
533 2998 613 3059 nott.)
626 2998 657 3048 21
673 2997 721 3061 (11.
734 2999 836 3049 Herod.
850 2999 929 3061 VIII,
947 2997 991 3048 lll
1011 3000 1104 3064 ibique
1121 2998 1211 3059 nott).

84 3059 222 3137 ithistid.
239 3063 271 3115 lli
288 3065 518 3127 (11.Η11011.111,
537 3065 570 3115 tu
587 3066 681 3131 ibique
697 3067 786 3127 nott).
807 3064 838 3116 19
855 3065 913 3130 (ubi
931 3067 1029 3117 scribit
1040 3060 1211 3132 despuenda

84 3140 129 3178 aaa
137 3126 166 3182 τὸ
174 3124 334 3200 Ἡροδότου
345 3150 371 3182 a.
382 3149 406 3183 τ.
417 3133 451 3193 1.,
466 3134 502 3183 11.
510 3135 694 3193 Η11ο11ο1.111,
705 3133 739 3183 10
748 3134 840 3199 ibique
853 3134 942 3197 nott).
957 3134 1114 3200 Comparat.
1127 3134 1209 3184 Arist

85 3196 201 3252 110112
214 3202 264 3266 (ci.
277 3201 380 3253 Herod.
393 3202 440 3263 lx,
453 3202 506 3264 et).
537 3201 643 3263 Quibus
654 3200 724 3252 loeis
737 3218 808 3267 quae
821 3202 977 3264 traduntur,
998 3218 1031 3252 ea
1045 3203 1166 3268 quidem,
1181 3207 1211 3251 ut

83 3264 106 3314 in
116 3270 183 3318 netis
196 3271 233 3321 ad
244 3269 380 3319 Herodoti
396 3268 473 3320 locos
489 3270 670 3329 ostendimus,
689 3275 717 3320 et
734 3271 793 3335 ipse
812 3275 909 3320 auctor
924 3269 1014 3319 libelli
1031 3270 1065 3319 de
1078 3269 1212 3320 Herodoti

83 3333 245 3400 mahgnitate
265 3337 460 3401 quodammodo
477 3342 581 3387 tractat
597 3342 626 3387 et
642 3339 746 3404 carpit,
764 3337 915 3388 cavillandi
933 3353 1028 3388 ansam
1043 3354 1075 3387 er
1088 3337 1132 3388 his
1144 3338 1212 3402 ipsis

82 3402 168 3517 ppiuer
179 3405 251 3456 loeis
264 3413 392 3470 repetens
406 3404 529 3470 adeoque
541 3406 707 3486 dissentiens
726 3407 761 3456 ab
774 3405 971 3522 ipqooVitapqm
985 3411 1111 3522 auqtore,
1122 3411 1167 3522 lui,
1177 3405 1211 3454 ad

83 3471 1211 3612 1111111111.1111111111111111111111.

83 3603 230 3673 citavimus,
253 3610 366 3675 scripsit
386 3602 594 3675 θαυμαστὸν
614 3595 667 3659 erla
687 3601 719 3658 ad
737 3600 895 3670 ‘Heodatou
912 3624 938 3658 a.
956 3623 980 3657 1.
994 3609 1030 3670 1.,
1053 3608 1082 3659 id
1100 3615 1212 3675 propter

83 3685 200 3738 magnam
222 3678 432 3738 auctoritatem,
456 3692 510 3742 qua
532 3678 605 3727 iuter
623 3678 743 3727 Graecos
760 3676 851 3726 floruit
870 3676 1042 3739 Herodotus,
1064 3678 1210 3742 scripsisse

82 3739 192 3858 qidqtnm
211 3760 301 3810 neque
313 3760 378 3795 vero
391 3745 481 3795 animo
495 3746 522 3794 in
534 3745 702 3794 Herodotum
720 3743 857 3794 malevolo
872 3748 919 3793 ant
931 3745 1105 3794 obtrectandi
1118 3744 1210 3795 studio

99 3820 130 3858 ue
141 3825 182 3863 us.

141 3874 169 3907 u
226 3881 232 3893 Ι
352 3881 357 3892 Ι
425 3882 431 3893 Ι
750 3881 757 3897 0

142 3877 387 4014 *11)ν11ξ11111111
399 3878 987 4014 ididaHritber'odotleitrdiinldmlliiiilnt
998 3946 1082 3998 Heur.
1096 3947 1211 4013 Stepha-

83 4022 128 4061 nus
139 4013 180 4063 iu:
199 4015 355 4081 „Apologia
367 4032 415 4081 pro
429 4016 602 4079 Herodoto“,
621 4032 691 4080 quae
710 4017 822 4066 adiecta
836 4026 879 4067 eat
891 4017 1011 4067 versioni
1023 4017 1143 4066 Latinae
1156 4016 1212 4065 He·

84 4078 177 4139 radeti,
190 4098 261 4148 quae
273 4083 326 4133 hoe
338 4084 388 4134 sub
401 4084 482 4134 titulo
495 4083 608 4149 prodiit:
628 4084 781 4147 „Herodoti
793 4084 924 4135 historiae
937 4083 1003 4133 libri
1014 4085 1052 4133 lx
1066 4088 1094 4134 et
1106 4085 1140 4133 de
1153 4084 1212 4133 vita

84 4142 187 4198 Homeri
203 4150 325 4213 libellus,
344 4152 458 4214 Latine;
480 4152 524 4201 illi
546 4168 579 4201 er
598 4153 824 4218 interpretatione
840 4154 923 4202 Laur.
941 4151 1041 4203 Vallae
1063 4152 1211 4216 adscripta,

84 4209 125 4263 hic
141 4231 174 4267 ex
189 4218 418 4285 interpretatione
431 4219 512 4272 Cenr.
524 4220 722 4281 Heresbachii,
740 4224 856 4284 utraque
869 4221 904 4271 ab
917 4221 1003 4270 Henr.
1017 4220 1157 4284 Stephano
1169 4235 1211 4267 re·

86 4285 203 4349 cognitu
222 4302 256 4338 er
267 4287 362 4338 Ctesia
376 4293 522 4353 excerptae
533 4287 676 4338 historiae.
703 4290 801 4338 icones
814 4288 982 4354 quarundam
995 4286 1211 4339 memorabilium

86 4353 281 4406 structurarum.
311 4355 446 4420 Apologia
463 4356 548 4406 Heur.
567 4355 700 4421 Stephani
717 4372 765 4422 pro
782 4355 931 4407 Herodot0.
961 4357 1039 4406 Anno
1057 4354 1210 4405 MDLXVI.

85 4413 241 4471 Bacndebat
251 4424 364 4474 Henric.
378 4424 542 4490 Stephanus.
562 4422 629 4474 fel.“
647 4426 689 4474 De
704 4439 757 4489 qua
769 4422 905 4487 editione,
921 4424 995 4489 typis
1009 4425 1120 4489 saepius
1133 4438 1210 4487 repe-

132 4524 286 4569 uaaonor.
305 4529 348 4570 ιν.
969 4513 1007 4573 31
