2932 5124
456 409 717 473 emuniens.
740 412 799 473 rx.
821 425 862 477 u.
1163 418 1224 496 241

96 586 157 653 τόν
176 579 363 654 Ἀσωπίων·
398 573 490 654 οὗτοι
515 585 553 654 tt
576 580 668 679 αὐτῷ
687 581 749 672 τὴν
766 581 847 655 ὁδόν
864 581 1000 673 ἡγέοντο
1020 590 1052 667 ἐς
1070 594 1227 677 Σφενδα-

96 690 175 770 λέας,
194 689 355 757 ἐνθεῦτεν
374 687 411 756 ol
430 689 463 767 ἐς
478 684 661 776 Τανάγρην.
684 690 720 757 ἐν
743 686 898 778 Τανάγρῃ
918 687 956 757 δὲ
973 686 1078 758 νύκτα
1097 693 1227 760 ἐναυλι-

95 785 228 877 σόμενος
250 791 305 857 καὶ
328 786 533 877 τραπόμενος
556 792 599 878 τῇ
620 785 779 879 ὑστεραίῃ
810 792 842 870 ἐς
870 792 1012 860 Σκοῖίον
1047 793 1083 861 ἐν
1112 796 1157 881 γῇ
1186 796 1229 882 τῇ

96 896 247 978 θηβαίων
264 879 315 977 ἦν.
353 893 504 960 ἐνθαῦτα
522 891 560 959 δὲ
578 894 645 961 τῶν
663 897 833 978 Θηβαίων,
857 899 915 960 καί
931 919 993 980 περ
1010 891 1227 983 μηδιζόντων,

96 997 193 1080 ἔκειρε
210 989 291 1072 τούς
308 990 452 1081 χώρους,
476 989 565 1061 οὔτι
583 990 665 1061 κατὰ
689 998 787 1083 ἔχθος
811 987 941 1080 αὐτόν,
960 990 1032 1063 ἀλλ’
1052 989 1108 1064 ὑπ’
1127 991 1227 1085 ἄναχ-

95 1101 181 1180 κοίης
208 1092 353 1183 μεγάλης
385 1092 553 1182 ἐχόμενος,
589 1090 790 1184 βουλόμενος
823 1092 928 1183 ἔρυμά
957 1122 993 1165 τε
1020 1099 1069 1189 τῷ
1098 1100 1230 1190 στρατῷ

94 1192 310 1282 ποιήσασθαι,
329 1196 403 1283 καὶ,
422 1189 465 1282 ἢν
482 1193 687 1284 συμβαλόντι
704 1200 739 1265 οἱ
754 1193 798 1285 μὴ
818 1199 956 1286 ἐκβαίνῃ
975 1192 1088 1267 ὁκοῖόν
1105 1227 1136 1268 τι
1156 1201 1228 1269 ἐθέ-

94 1304 155 1381 λοι,
172 1294 406 1386 κρησφύγετον
423 1299 520 1366 τοῦτο
538 1299 691 1367 ἐποιέετο,
710 1301 838 1386 παρῆκε
865 1298 902 1367 δὲ
920 1294 1026 1368 αὐτοῦ
1041 1296 1078 1369 τό
1095 1299 1230 1389 στρατό-

94 1403 206 1486 πεδον,
245 1393 429 1488 ἀρξάμενον
454 1394 518 1467 όαιό
540 1395 731 1489 Ἐρυθρέων
754 1394 986 1490 ταροὶὙσιάς,
1006 1402 1229 1471 summiserit

92 1596 633 1725 gustassesstautai
684 1588 1228 1717 teleusiassistitis·

92 1701 198 1795 reperiri
215 1702 315 1781 ruins’s
332 1732 495 1797 Tanagrae:
514 1732 568 1782 vid.
586 1700 633 1798 po3
685 1702 741 1783 torl.
764 1702 882 1795 hulhyd.
906 1735 930 1794 ξ.
947 1733 988 1783 25.
1011 1704 1144 1800 peg.·330
1160 1751 1229 1801 seq„

91 1800 221 1848 tissimum
236 1799 402 1849 Schohlerer
413 1799 431 1848 l.
445 1800 463 1848 l.
483 1805 511 1849 et
524 1800 559 1850 et.
573 1799 632 1850 Sie-
686 1801 731 1865 qui
743 1805 837 1850 tamen
848 1800 972 1851 Platonis
984 1799 1074 1851 locum
1086 1818 1140 1852 non
1153 1809 1229 1853 reete

91 1865 156 1915 belis
172 1867 207 1917 ad
221 1868 345 1917 Paussn.
358 1868 411 1931 IX,
425 1866 467 1916 20.
481 1868 504 1928 5.
516 1868 546 1929 2,
565 1868 632 1918 For·
686 1868 836 1934 acceperit.
848 1894 882 1903 -
899 1870 932 1918 In
944 1883 1020 1934 seqq.
1033 1870 1119 1919 verba
1138 1862 1230 1934 ἔκειρε

89 1932 163 1999 biger
175 1935 193 1985 l.
206 1934 227 1983 1.
266 1934 317 1985 Hts
336 1934 398 1985 add.
417 1950 487 1999 ques
505 1935 634 2001 leguntur
685 1930 752 1994 τοὺς
769 1927 877 2002 χιόροος
899 1937 969 1986 citat
985 1937 1112 1987 Euststh.
1131 1937 1166 1987 sd
1185 1937 1229 1987 Ili.

90 2003 126 2050 iu:
149 2002 288 2052 Berichtt.
311 2002 336 2052 (l.
356 2002 515 2053 Verhandh,
536 2004 562 2055 d.
579 2002 632 2053 Ge·
683 2020 748 2070 pag.
762 2001 825 2064 364,
838 2004 872 2053 25
884 2019 905 2054 s.
919 2003 977 2066 476,
991 2003 1015 2055 3.
1026 2029 1060 2041 —
1071 2005 1134 2056 Mox
1147 1995 1182 2055 οό
1193 2021 1229 2067 τι,

90 2069 233 2119 sellschaft
247 2071 271 2120 (1.
281 2071 367 2120 Wiss.
380 2086 413 2119 zu
425 2071 551 2136 Leipzig,
565 2070 633 2136 phil.
685 2071 755 2136 quod
764 2071 900 2122 Valcken.
912 2072 1069 2122 mutandum
1081 2073 1190 2123 sensuit
1201 2074 1231 2122 in

88 2136 147 2186 hist.
165 2136 207 2188 Cl.
230 2136 439 2189 1859.111.1v.
458 2155 484 2203 p.
504 2138 563 2196 113,
586 2138 635 2187 ubi
686 2132 765 2204 οὐκὶ,
784 2140 910 2204 equidem
923 2155 984 2190 eum
997 2139 1151 2206 Schweigh.
1165 2141 1231 2190 reti·

89 2205 178 2254 retuht
195 2205 231 2255 de
252 2206 307 2255 situ
322 2205 403 2255 huins
416 2207 492 2256 urbis
504 2207 634 2267 Bursian,
685 2209 743 2269 nui,
758 2208 805 2271 qui
817 2208 888 2257 bene
902 2207 1011 2258 confert
1021 2209 1057 2265 11,
1067 2207 1109 2259 46.
1123 2208 1173 2269 ΙΙΙ,
1187 2206 1229 2258 36.

90 2273 130 2337 qai
152 2273 213 2338 ipse
234 2273 287 2322 has
308 2275 437 2339 regiones
457 2273 636 2339 perlustravit
686 2277 732 2336 IV,
750 2273 804 2323 448.
834 2274 918 2324 Valet
931 2282 1022 2324 sutem
1040 2265 1076 2324 οό
1087 2278 1230 2335 taminiae,

88 2348 166 2404 atque
179 2342 333 2406 Tanagrae
346 2342 441 2391 ruinas
454 2357 484 2391 se
497 2342 634 2406 reperisse
685 2344 755 2393 ίιααιί
765 2344 871 2408 quidem.
890 2334 963 2392 κατὰ
978 2337 1066 2406 ἔχθος
1078 2344 1187 2409 seoipio
1199 2344 1231 2394 ob

88 2408 202 2459 dieiteo
221 2409 376 2471 tersisse,
400 2425 452 2474 quo
471 2410 526 2459 iam
537 2408 634 2459 Leeke
685 2412 837 2460 iniraiettias.
864 2409 907 2459 Oi.
921 2410 994 2470 VIII,
1009 2409 1148 2475 30ibique
1161 2416 1230 2460 nott.

88 2475 176 2535 (Tres.
197 2478 228 2527 in
246 2476 343 2527 North.
357 2476 463 2527 Graece
481 2478 517 2528 11.
534 2494 561 2543 p.
573 2476 634 2541 464)
686 2478 727 2527 Ad
736 2467 1233 2543 Ιοοῑιιίοοειιιότιόἷναηκαίης-ἔχό·

88 2558 131 2593 eas
144 2551 208 2595 erat
220 2546 390 2609 suspicatus,
404 2545 483 2595 nnius
493 2545 576 2595 horae
590 2545 635 2594 iti·
686 2559 772 2609 μενος
785 2545 814 2606 (i.
823 2560 943 2607 ναρρατ
954 2547 1106 2595 necessitate
1118 2553 1231 2608 coactas,

88 2627 165 2673 uere,
183 2612 332 2663 meridiem
342 2627 439 2663 versus
457 2610 636 2678 οτίοοΣχη-
685 2610 802 2678 pressam)
831 2612 904 2662 eant.
932 2613 999 2674 VII,
1027 2611 1078 2663 233
1104 2618 1132 2662 et
1158 2613 1232 2665 inira

86 2672 189 2745 αατᾰρι
216 2687 355 2741 remotas,
385 2680 459 2730 haud
482 2681 634 2746 proculab
687 2682 738 2741 IX,
753 2680 794 2731 37.

87 2750 188 2814 Asopo,
204 2749 235 2798 in
257 2764 336 2813 quem
349 2748 396 2798 hie
408 2748 513 2798 rivulus
526 2748 636 2813 quidam
721 2739 894 2815 βουλόμενος
913 2741 1004 2812 ἔρυμά
1020 2762 1051 2797 τε
1067 2744 1108 2813 τῷ
1123 2745 1233 2812 στρατῷ

87 2822 195 2879 praeter
217 2817 323 2866 hiemis
347 2822 455 2883 tempus
480 2817 637 2866 exsiccatus
687 2808 877 2882 ποιήσασθαι]
892 2814 981 2880 Vulgo
990 2813 1029 2881 τῷ
1040 2809 1232 2879 στρατοπέδῳ,

87 2886 141 2934 tere
165 2884 302 2947 (uocatur
324 2898 397 2933 nune
418 2875 434 2934 ὁ
454 2876 552 2948 Αοίρης
573 2884 591 2933 i.
610 2899 636 2948 q.
689 2884 771 2949 quod,
787 2885 811 2933 si
831 2899 847 2932 e
860 2882 1013 2948 Schweigh.
1032 2889 1060 2933 et
1073 2882 1163 2933 Geisl.
1177 2880 1233 2932 ‹lis-

88 2945 254 3018 Θερμεόδων
278 2952 351 3016 apud
369 2952 497 3002 Nostrum
518 2952 570 3012 IX,
593 2950 636 3013 43)
689 2953 819 3011 cesseris,
840 2952 887 3016 qui
905 2967 919 3001 e
936 2949 1098 3001 Florentiae
1115 2951 1233 3017 aliisque

88 3034 169 3084 squas
186 3019 324 3070 infundit
359 3020 402 3069 Ab
419 3020 472 3069 hae
490 3019 573 3084 igitur
585 3020 638 3069 Ts—
689 3020 823 3069 dederunt
834 3017 873 3084 τῷ
885 3015 1002 3081 στρατῶ,
1016 3024 1113 3069 tenent
1124 3018 1232 3082 reliqui.

86 3087 638 3153 asgmhlardoniusadoceideutemso·
690 3087 769 3149 Quod
786 3087 832 3136 hie
853 3087 956 3136 dieitur
974 3070 1077 3151 ἔρυμα,
1106 3086 1134 3135 id
1152 3086 1234 3151 paulo

87 3154 136 3204 lem
148 3170 307 3206 conversus
316 3154 490 3220 Asopumque
499 3156 587 3205 rivum
600 3154 638 3204 le·
689 3161 752 3220 post
774 3154 844 3204 dicit
866 3156 973 3218 τεῖχος,
998 3157 1194 3203 munimentum
1211 3169 1233 3203 s.

86 3237 159 3287 gens,
173 3223 211 3273 ad
226 3238 311 3289 quem
324 3224 402 3304 regio
415 3224 543 3287 utrinque
555 3221 639 3288 plana
690 3221 835 3272 castellum
853 3222 935 3271 rebus
951 3221 1160 3287 pretiosioribus
1178 3235 1235 3271 ser-

86 3294 218 3357 equisque
230 3290 383 3356 pascendis
391 3306 522 3356 perquam
533 3305 640 3340 aceom-
689 3289 789 3340 vendis
812 3293 988 3339 exstructum.
1024 3289 1102 3339 Infra
1125 3289 1177 3347 IX,
1201 3286 1235 3337 65

86 3360 197 3410 modste
215 3364 293 3409 teste
311 3359 411 3408 Krusio
428 3358 446 3407 l.
465 3358 483 3408 l.
502 3374 565 3423 pag.
578 3356 637 3420 622,
691 3362 719 3407 et
737 3356 770 3406 70
790 3362 906 3406 vocetur
929 3352 961 3406 τό
989 3358 1080 3421 τεῖχος
1103 3351 1134 3405 τὸ
1159 3351 1235 3416 ξύλι-

86 3425 198 3479 devenit
209 3426 330 3485 Scotum,
349 3426 396 3491 qni
412 3426 489 3475 loeus
507 3424 639 3491 δυοοίκη·
690 3440 750 3476 νον.
798 3425 895 3488 ltaque
921 3438 975 3472 non
999 3421 1176 3489 cogitandum
1202 3423 1234 3472 de

85 3508 129 3553 τος
144 3492 198 3546 καὶ
217 3486 344 3560 τραχὺς,
367 3501 398 3543 ut
416 3494 457 3543 ait
474 3494 573 3544 Strabo
590 3494 638 3543 IX.
690 3491 807 3542 castello
822 3491 961 3556 lapidibus
977 3495 1115 3541 exstructo
1133 3491 1236 3540 moeni·

86 3560 338 3626 praecautos.
354 3560 395 3611 Ad
405 3561 581 3611 Cithaeronis
592 3561 637 3610 de·
689 3561 794 3625 busque
807 3575 841 3610 ae
854 3559 973 3609 turribus
990 3559 1108 3620 munit03
1128 3558 1176 3609 sed
1189 3575 1236 3624 po-

84 3630 230 3683 elisitates
244 3631 302 3681 sita
313 3629 367 3679 tuit
374 3645 459 3695 prope
470 3630 553 3691 viam,
567 3644 637 3694 quae
691 3630 744 3678 tius
757 3628 791 3677 de
805 3627 903 3679 eastris
920 3626 993 3677 vallo
1010 3631 1038 3676 et
1049 3627 1143 3693 ligneo
1157 3628 1236 3690 quasi

84 3698 218 3766 Tanagra
249 3698 373 3749 ducebat
396 3697 529 3761 Erythras
555 3703 638 3762 atque
690 3711 767 3746 muro
777 3695 969 3756 circumdatis,
985 3709 1070 3759 quare
1078 3694 1235 3759 Goettling:

85 3766 231 3818 Plataeas.
259 3765 321 3816 vid„
335 3766 424 3815 Kruse
438 3765 455 3814 Ι.
469 3764 487 3814 l.
501 3781 565 3830 pag.
578 3762 637 3827 598,
691 3762 897 3826 „Gesammelte
914 3762 1084 3813 Abhondll.“
1102 3779 1130 3827 p.
1145 3761 1178 3810 72
1195 3763 1235 3811 in-

84 3833 223 3903 Porbiger
235 3834 257 3887 l.
266 3834 287 3884 l.
301 3834 349 3883 IIL
363 3849 427 3899 pag.
439 3833 489 3883 tm
503 3837 531 3883 et
544 3833 641 3883 earlier
691 3831 807 3897 telligit:
826 3834 867 3881 ein
877 3830 1108 3885 Patltradeumerla·
1127 3829 1236 3879 malim:

84 3906 264 3967 potissimum
274 3901 401 3967 Xenoph.
414 3901 449 3949 H.
461 3901 508 3951 Gr.
521 3901 553 3962 V,
568 3902 593 3961 4,
606 3899 640 3950 49
690 3902 746 3949 eine
761 3900 958 3963 Versrltaasunp
969 3905 1012 3947 nait
1025 3898 1172 3948 Palltaaden
1187 3899 1239 3947 aad

86 3971 144 4022 roll.
157 3970 360 4035 Polyaen.ll,
375 3969 403 4027 l,
418 3968 458 4018 11.
494 3969 527 4018 In
540 3984 640 4034 mappa
693 3967 802 4017 Grabeu.
825 3966 866 4015 Ad
879 3982 974 4016 vocem
987 3958 1187 4031 κρησφύγετον
1200 3965 1236 4015 ei.

83 4039 178 4090 Krnsii
206 4040 355 4088 invenitur
378 4052 477 4087 nornen
500 4037 568 4099 vici,
595 4036 642 4101 qui
692 4042 762 4085 nott.
776 4035 811 4084 ad
824 4034 859 4095 V,
872 4034 935 4107 24..

83 4122 154 4157 nune
167 4108 251 4157 Sealt
260 4106 351 4155 locum
363 4110 496 4170 occupat,
511 4103 612 4154 Siatesi.
726 4100 838 4168 παρῆκε
851 4094 884 4152 rt
897 4099 988 4152 αντοῦ
999 4093 1030 4151 τό
1043 4095 1238 4164 στρατόπεδον

115 4169 198 4227 aare?
210 4190 227 4224 τ
239 4164 490 4238 ’νόδόνηγέοκτο]
502 4172 640 4222 Vidnott.
692 4186 718 4220 κ.
736 4186 760 4220 τ.
779 4167 815 4236 h]
846 4169 949 4220 Sensus
968 4169 1024 4220 loei
1041 4169 1086 4219 hie
1104 4168 1163 4218 lere
1182 4171 1237 4217 est:

83 4245 117 4293 ed
128 4228 196 4307 vn',
210 4190 277 4291 2l5.
305 4241 372 4290 Inde
385 4242 414 4290 in
426 4238 535 4290 Timaei
548 4239 641 4306 glossa
694 4239 787 4289 Castra
803 4237 834 4288 ab
847 4237 970 4302 Erythris
986 4252 1084 4287 exorsa
1101 4242 1126 4286 et
1140 4237 1239 4297 Hamas

82 4311 240 4365 Platonica
260 4314 335 4361 reete
353 4308 384 4358 C.
402 4308 448 4357 rr.
465 4308 641 4357 Hermannus
690 4308 885 4371 praetereuntia
903 4304 935 4368 (s.
948 4306 1024 4355 turta
1035 4304 1135 4368 Hyries
1146 4318 1238 4367 porre-

82 4374 215 4445 s'rripstt:
251 4368 381 4441 ξεναγοὶ,
410 4362 441 4426 lt
463 4377 524 4433 τοῖς
548 4368 641 4437 ξένοις
691 4374 744 4438 eta)
757 4374 978 4425 adPtataeemem
990 4388 1067 4438 ιαριιε
1080 4386 1166 4436 agnam
1176 4385 1240 4433 per·

132 4480 305 4525 senonen.
322 4481 365 4522 1v.
858 4480 861 4485 ·
997 4462 1036 4524 16
