2984 5154
243 339 283 399 66
679 320 945 391 HERODOTI

1046 495 1128 524 222

198 518 237 578 42
247 513 375 576 ἔπλωον
401 507 432 586 ἐς
454 500 491 574 τὰ
513 501 747 595 στρατόπεδον.
798 497 887 572 Ἐπεὶ
917 502 955 573 δὲ
981 504 1017 571 οί
1036 527 1082 571 απ
1121 502 1375 591 Αρτεμισίουές

244 617 420 697 Σαλαμῖνα
438 609 596 696 κατέσχον
613 600 671 686 τοὶς
688 605 776 692 νέας,
795 604 954 694 συνέρρεε
971 605 1027 672 καί
1044 597 1062 673 ὁ
1079 598 1193 683 λοιπός
1210 600 1374 673 πυνθανό·

244 738 342 800 μενος
360 704 469 779 braio
483 703 649 795 Ἑλλήνων
665 701 820 785 ναυτικὸς
838 701 975 797 στρατὸς
994 707 1041 801 έκΙ
1053 707 1242 794 Τροιζῆνος·
1268 707 1300 785 ἐς
1316 700 1376 793 γὰρ

244 808 398 899 Πώγωνα
415 806 475 879 τόν
498 815 699 900 Τροιζηνίων
717 809 833 897 λιμένα
851 813 1025 896 προείρητο
1036 807 1273 897 συλλέγεσθαι.
1300 824 1374 876 συν

245 914 301 982 ελέ
318 909 429 999 θησαν
452 938 488 980 τε
512 907 553 998 δη
577 913 690 1002 πολλῷ
711 912 852 990 πλεῦνες
870 910 942 989 νέες
959 901 981 995 ἢ
1006 898 1059 999 ἐπ’
1075 902 1267 1000 Ἀρτεμισίῳ
1283 909 1375 977 ἔνων

243 1044 266 1103 μ
327 1042 383 1101 ον,
407 1014 462 1081 καί
487 1007 551 1081 ἀπὸ
574 1019 701 1081 πολίων
724 1008 888 1081 πλεύνων.
930 1005 1110 1099 Ναύηρχος
1132 1010 1195 1098 μέν
1215 1010 1377 1096 ωινέκῆν

245 1110 350 1195 ὡυτὸς
380 1109 484 1203 ὅσπερ
518 1108 570 1182 ἐπ’
596 1107 806 1204 Ἀρτεμισίῳ,
841 1106 1058 1202 Εὐρυβιάδης
1087 1103 1106 1179 ὁ
1132 1105 1375 1200 Εὐρυκλείδεω,

244 1212 330 1304 ἀνὴρ
354 1212 583 1302 Σπαρτιήτης,
619 1210 659 1283 οὐ
683 1216 795 1301 μέντοι
820 1211 933 1302 γένεός
956 1214 1080 1300 γετοῦ
1101 1217 1281 1299 βασιληίου
1302 1208 1376 1280 ἐών·

205 1312 210 1321 ’
244 1318 321 1397 νέας
346 1316 384 1385 δέ
406 1319 519 1409 πολλῷ
535 1322 689 1395 πλείστας
711 1342 747 1384 τε
771 1311 968 1412 καίηᾶριστα
988 1310 1163 1394 πλωούσας
1187 1318 1377 1404 παρείχοντο

243 1413 423 1505 Ἀθηναῖοι.
569 1424 573 1429 ’

199 1526 239 1587 43
321 1514 573 1607 Ἐστρατεύοντο
593 1518 630 1587 δὲ
647 1522 735 1588 cide·
761 1520 798 1587 ἐκ
815 1517 877 1607 μὲν
894 1514 1157 1605 Πελοποννήσου
1174 1512 1378 1604 Λακεδαιμέ·

244 1648 328 1710 νιοι,
353 1622 531 1690 ἑκκαίδεκα
547 1621 624 1701 νέας
642 1615 877 1710 παρεχόμενοι,
895 1625 1074 1708 Κορίνθιοι
1093 1618 1130 1688 δὲ
1148 1613 1183 1688 τό
1202 1612 1285 1687 αὐτὸ
1302 1613 1378 1705 πλη

244 1786 434 1904 arran
452 1784 788 1918 ιααααιυςα
838 1755 1380 1917 consecraremini&

245 1936 297 1985 que
315 1936 398 1986 aupra
415 1919 524 1981 ΙΙ,16’ί.
559 1919 600 1969 Ad
613 1910 787 1982 ὑπεξέκειτο,
839 1919 971 1985 derungg.
989 1919 1020 1970 in
1039 1917 1246 1969 Griecheulaud
1264 1919 1300 1969 II.
1316 1933 1342 1983 p.
1355 1916 1378 1978 4,

263 1989 315 2038 uod
332 1988 410 2038 libris
429 1988 524 2037 invitis
546 1987 619 2037 haud
637 1987 742 2039 mutavi
759 1987 787 2037 in

244 2048 424 2117 castanieto,
438 2059 469 2103 at
481 2054 609 2104 fecarunt
619 2054 746 2105 Diudori.
760 2059 789 2104 et

244 2123 369 2173 Dietsch.
388 2121 438 2181 (cf.
458 2123 521 2183 VII,
542 2120 590 2171 176
607 2122 701 2188 ibique
718 2126 788 2172 nott.

246 2195 275 2240 et
292 2190 367 2239 infra
384 2190 460 2248 VIII,
475 2186 517 2238 66.
535 2190 559 2250 5.
572 2189 598 2238 2.
617 2187 658 2241 to.
676 2188 719 2241 9³.
738 2190 786 2251 III,

244 2256 287 2308 40.
305 2257 347 2306 52.
366 2256 407 2306 57.
426 2254 468 2305 60.
487 2254 529 2307 76.
550 2255 622 2320 101),
641 2256 715 2307 conf.
734 2258 789 2308 He-

246 2324 303 2375 rod.
322 2324 400 2386 VIII,
419 2325 435 2373 4
453 2323 545 2389 ibique
564 2328 631 2374 nott
650 2329 679 2374 et
696 2324 729 2375 de
747 2329 788 2376 to·

245 2393 301 2442 tiuc
319 2391 374 2442 loci
392 2396 554 2457 argumento
572 2390 715 2442 Plutarch.
731 2393 788 2443 Vit.

246 2458 422 2511 Themistocl.
439 2457 477 2508 10.
507 2460 614 2510 Paucos
627 2475 693 2511 vero
704 2459 788 2510 Athe-

244 2528 355 2578 nieneea
372 2528 400 2577 in
418 2527 485 2577 urbe
504 2526 614 2578 relictos
632 2542 693 2579 caue
710 2527 790 2578 iutel-

244 2596 354 2662 IIgImne
373 2609 407 2645 ex
424 2594 525 2646 Herod.
544 2595 623 2654 VIII,
642 2594 684 2646 51.

431 2762 498 2814 Car.
516 2764 603 2814 XLII.

279 2857 412 2928 συνέρρεε
430 2860 481 2914 καλ
493 2855 508 2914 ὁ
522 2859 621 2923 λοικὸς
638 2858 787 2916 πυνθανό-

245 2946 330 2998 μενος
359 2926 375 2981 δ
403 2929 459 2982 τῶν
484 2922 625 2997 Ἑλλήνων
656 2928 789 2992 ναυτικὸς

246 2990 374 3064 στρατός]
387 2998 405 3050 i.
413 3016 436 3050 e.
444 2998 531 3062 (illuc,
541 2999 601 3049 acii.
609 2998 788 3064 Salaminem)

246 3066 421 3117 confluebant
443 3081 465 3116 e.
483 3067 686 3117 conveniebant
705 3069 789 3118 etiam

245 3134 370 3199 reliquae
393 3133 561 3184 Graecorum
584 3135 682 3200 copiae
705 3151 787 3186 aava·

244 3201 300 3264 lea,
320 3217 380 3252 oum
399 3201 539 3265 audirent,
559 3216 607 3252 eac
621 3203 788 3253 Graecorum

245 3270 355 3335 copiae,
375 3284 445 3333 quae
458 3269 494 3320 ad
505 3269 679 3320 Artemisium
691 3271 788 3321 statio·

244 3353 308 3454 nepa
326 3337 492 3399 habuerant,
514 3337 549 3387 ad
561 3336 727 3389 Salaminem
740 3354 787 3403 ap-

263 3420 281 3455 n
294 3420 357 3455 reae.

244 3421 262 3470 p
280 3464 309 3529 ἐς
325 3464 380 3538 poio
392 3466 532 3538 Πώγωνα]
553 3473 654 3537 Ρορωι.
673 3473 789 3523 Troeze-

245 3540 351 3590 nIornm
382 3546 457 3590 ortua
469 3539 548 3601 olim,
567 3546 598 3590 ut
609 3541 729 3601 videtur,
744 3557 788 3591 aa·

244 3608 282 3656 tie
294 3556 414 3672 ampiira,
434 3623 505 3658 nunc
524 3609 609 3658 areni
626 3610 666 3658 ita
685 3609 789 3659 obatra-

245 3678 307 3724 ctua
326 3690 385 3725 ecee
404 3674 516 3737 dicitur,
536 3681 566 3726 ut
585 3677 692 3741 exiguis
710 3677 788 3727 modo

244 3742 365 3807 navigiis
394 3743 497 3792 aditum
524 3743 666 3809 praebeat.
708 3744 787 3795 Cous.

245 3808 336 3858 strab.
353 3810 430 3861 VIII.
449 3827 475 3876 p.
490 3809 577 3861 otta.
596 3827 618 3861 s.
632 3810 691 3865 373.
709 3812 787 3862 Man-

245 3881 314 3926 nert.
334 3877 409 3928 VIII.
427 3894 453 3943 p.
472 3874 530 3931 664.
570 3879 676 3929 Nomen
693 3885 788 3945 portua

247 3945 391 4009 accepisse
420 3944 528 3996 videtur
557 3946 592 3996 ab
622 3961 657 3997 ea
683 3947 787 4012 specie,

246 4026 326 4076 quam
344 4013 427 4061 maria
449 4029 498 4063 ora
520 4013 624 4064 barbae
648 4014 682 4063 ad
700 4015 789 4065 Instar

245 4079 381 4144 producta
399 4084 427 4129 et
444 4081 480 4129 ab
498 4081 559 4146 ipsa
575 4080 789 4132 Troezeniorum

245 4146 313 4197 urbe
331 4146 375 4209 (de
394 4162 447 4214 qua
458 4147 514 4201 rid.
525 4151 594 4198 nott.
608 4150 642 4198 ad
654 4149 729 4211 VIII,
742 4149 787 4213 41)
849 4160 853 4165 ·

246 4214 400 4278 quindecim
418 4215 502 4266 ferme
521 4216 626 4279 stadia,
644 4219 674 4266 ut
687 4216 787 4268 Strabo

246 4288 377 4347 testatur,
401 4287 505 4334 remota
527 4283 656 4350 praebet:
680 4287 710 4335 tu
731 4285 786 4337 vid.

838 1987 976 2051 Boblaye:
994 1986 1168 2039 Reehercbea
1181 1986 1281 2036 curleo
1293 1985 1380 2035 rainer

839 2055 873 2104 de
892 2052 921 2105 la
938 2052 1032 2107 Moree
1050 2054 1189 2119 (Expedit
1207 2050 1379 2117 scientifique

840 2123 873 2171 de
885 2120 987 2173 Morde.
1001 2120 1082 2172 Paria
1095 2118 1172 2182 1836)
1184 2136 1250 2187 pag.
1267 2118 1297 2170 19
1308 2135 1379 2185 aeqq.

840 2216 872 2229 ι-
890 2190 944 2240 Pro
961 2182 1021 2241 τὸν
1040 2187 1217 2254 Τροιζηνίων
1235 2204 1305 2238 unae
1321 2186 1377 2238 cod

839 2255 906 2309 τῶν
925 2255 1109 2337 Τροιζηνίων.

874 2314 1071 2399 Εὖρυβιαδης]
1090 2323 1151 2374 Vid.
1164 2322 1321 2402 vn1,2‚.3.
1349 2320 1380 2371 ln

839 2393 888 2456 iia,
912 2406 983 2459 quae
1006 2396 1169 2457 aequantur:
1193 2381 1209 2441 ὁ
1229 2387 1379 2455 Ενρνκλεί-

841 2458 909 2521 δεω,
933 2459 1092 2522 articulum,
1117 2460 1165 2525 qui
1187 2474 1205 2510 a
1222 2458 1379 2510 Florentino

840 2533 923 2593 atque
942 2543 959 2579 a
976 2528 1118 2579 Sancrofti
1135 2526 1207 2577 libro
1224 2526 1319 2588 abeat,
1337 2525 1379 2575 de·
1467 2536 1468 2539 ’

837 2596 909 2646 Ierit
929 2596 1103 2657 Dietechiua,
1126 2596 1301 2647 retinuerunt
1320 2591 1379 2643 reli·

842 2663 888 2728 qui
911 2663 1046 2726 editores,
1075 2679 1092 2713 a
1119 2661 1217 2728 quibua
1241 2661 1379 2713 discedere

841 2729 929 2791 uolui,
954 2746 1015 2781 cnm
1037 2745 1121 2796 cupra
1144 2746 1251 2795 quoque
1268 2729 1346 2791 VIII,
1364 2726 1379 2775 2

840 2797 986 2849 articulum
1004 2798 1127 2849 additam
1144 2798 1284 2849 Invenias.
1318 2796 1380 2846 Ver-

838 2865 883 2916 bis
905 2855 980 2932 οίνὴρ
998 2858 1184 2931 Σπαρτιάτης
1203 2866 1313 2916 videtur
1329 2863 1379 2913 No·

839 2938 897 2983 oter
915 2933 1040 2984 consulto
1059 2933 1210 2984 addidiaae:
1235 2922 1272 2984 ori
1288 2926 1380 2997 μέντοι

840 2992 936 3067 pinedo
954 3015 985 3066 ηε
1002 2998 1055 3052 τοῦ
1068 2998 1218 3064 βασιλικοῦ
1235 2991 1304 3061 irie,
1322 3012 1380 3050 cum

840 3068 1035 3134 Spartanorum
1048 3069 1077 3119 in
1091 3068 1311 3134 expeditIouibue
1327 3066 1380 3133 ple·

838 3151 951 3202 rumque
970 3151 1064 3202 regum
1082 3134 1216 3187 alteruter
1232 3139 1307 3187 earet
1317 3134 1379 3184 dux:

840 3204 873 3253 de
897 3219 951 3270 quo
973 3203 1046 3254 cons.
1066 3203 1118 3266 VI,
1141 3201 1176 3254 bd
1197 3203 1293 3269 ibique
1314 3205 1380 3252 nott.

840 3270 932 3333 Quare
946 3271 1017 3336 quod
1029 3286 1046 3321 a
1056 3270 1184 3321 Cornelio
1196 3271 1305 3337 Nepote
1317 3269 1379 3333 (Vit

839 3337 1016 3389 Themistocl.
1035 3338 1064 3402 4)
1086 3337 1262 3403 Eurybiadea
1285 3338 1380 3388 dicitur

839 3421 897 3456 rex
918 3405 1213 3468 Lacedaemoniorum,
1241 3407 1310 3472 „qui
1328 3410 1379 3456 tum

980 3475 986 3486 ·
1068 3474 1086 3487 ··
1239 3475 1255 3500 ιι
1371 3499 1379 3507 ,

839 3473 1379 3592 αυαινκαααιαἵνα

840 3608 896 3659 alio
915 3609 992 3659 fonte
1009 3608 1134 3659 hausieae
1154 3609 1302 3660 existimes.
1463 3634 1464 3659 ;

874 3669 941 3734 νέας
960 3669 992 3726 δὲ
1007 3674 1102 3742 πολλῷ
1112 3673 1248 3736 πλείστας
1259 3704 1292 3714 -
1302 3671 1378 3740 Ἀθη·

839 3740 930 3808 ναῖοι]
954 3745 1071 3806 Eodem,
1096 3745 1202 3810 opinor,
1222 3744 1315 3795 animo
1331 3743 1379 3793 No·

839 3816 895 3861 ater
916 3811 988 3862 haec
1011 3813 1067 3863 acri
1086 3813 1137 3874 eit,
1162 3827 1215 3878 quo
1238 3828 1288 3875 ea,
1313 3825 1379 3877 qaae

838 3828 1090 3945 eupralegunture'

1019 4116 1085 4167 Car.
1105 4117 1205 4168 XLIII.

873 4207 1028 4269 ἑκκαίδεκα
1040 4215 1112 4284 νῆας
1123 4212 1324 4284 παρεχόμενοι]
1336 4217 1379 4267 Se·

838 4287 918 4336 decia
935 4285 982 4337 hic
996 4285 1214 4337 Lacedaemonii
1232 4285 1379 4337 exhibuere
1460 4306 1461 4315 ι

1092 3879 1378 3939 III‚3.-Denavium
1462 3918 1463 3939 ,

839 3962 951 3998 numero
969 3946 1168 4013 disputavimus
1186 3948 1221 3998 ad
1239 3947 1323 4011 VIII,
1342 3945 1363 3996 1.
1462 3946 1463 3949 ’
