2826 5132
358 363 624 425 CALLIOPE.
647 366 705 425 IX.
728 373 859 430 to—et.
1110 366 1170 430 351

62 536 133 615 ξεῖνε
151 532 269 624 Σάμιε,
296 531 339 603 σίν
364 535 402 604 dl
424 531 505 624 ἡμῖν
528 542 637 623 ποίεε,
666 531 752 617 ὅπως
774 532 873 616 αὐτός
895 562 931 605 τε
958 532 1037 615 δαίς
1060 542 1173 604 πίστιν

60 630 260 704 ἀποπλεύσεαι
277 637 332 705 καλ
350 640 385 705 ολ
399 633 465 706 orio
482 638 534 707 σολ
554 635 662 718 ἐόντες
679 642 767 724 οἵδε,
791 627 814 724 ἦ
834 638 897 725 μὲν
920 642 1070 725 Σαμίους
1091 631 1172 724 ἡμῖν

60 735 232 825 προθύμους
250 743 385 807 ἔσεσθαι
403 735 604 828 συμμάχους.
640 736 750 807 Ταῦτά
766 764 802 808 τε
818 734 885 827 ἅμα
902 734 1043 825 ἠγόρευε
1061 740 1116 806 καὶ
1133 735 1217 812 τὸ92

60 841 140 924 ἔργον
163 841 315 927 προσῆγε.
355 835 475 908 αὐτίκα
501 837 564 928 γὰρ
589 844 625 908 οί
647 837 770 928 Σάμιοι
796 847 908 921 πίστιν
933 867 969 908 τε
995 840 1051 909 καὶ
1076 835 1172 929 ὅρκια

60 939 207 1008 ἐποιεῦντο
224 947 410 1029 συμμαχίης
427 942 502 1030 πίρι
520 936 601 1029 πρὸς
618 936 874 1027 τούςἝλληνας.
901 943 1006 1010 ταῦτα
1025 941 1062 1009 dl
1080 937 1172 1028 ποιή-

58 1058 155 1120 σαντες
176 1045 210 1109 ολ
223 1040 286 1129 μὲν
303 1036 484 1113 ἀπέπλεον·
511 1038 593 1131 μετὰ
610 1043 724 1130 σφέων
746 1038 810 1131 γὰρ
836 1043 966 1111 ἐκέλευε
984 1043 1097 1110 πλέειν
1113 1039 1173 1110 τὸν

55 1133 306 1231 Ἡγησίστρατον,
331 1139 452 1213 οίωνόν
469 1139 506 1212 τό
523 1138 650 1232 οὔνομα
668 1141 871 1231 ποιεύμενος.
899 1148 935 1211 oi
957 1138 1171 1230 ὃλἝλληνες,

59 1239 223 1331 ἐπισχόντες
253 1241 379 1331 ταύτην
406 1240 468 1332 τὴν
496 1239 639 1334 ἡμέρην,
674 1247 717 1332 τῇ
742 1238 902 1333 ὑστεραίῃ
933 1245 1172 1332 ἐπαλλιρίοντο,

58 1346 281 1433 μαντευομένου
299 1365 359 1433 σφι
377 1342 555 1434 Δηιφόνου
571 1348 633 1414 τοῦ
648 1339 815 1432 Εὐηνίου,
840 1341 962 1434 ἀνδρὸς
977 1340 1172 1415 Ἀπολλωνι-

58 1440 134 1533 ήτεω,
148 1441 369 1534 Ἀπολλωνίης
388 1447 426 1515 dl
443 1449 500 1534 της
520 1449 557 1516 ἐν
573 1449 621 1539 τῷ
629 1442 743 1539 Ἰωνίρι
755 1444 879 1539 κόλπῳ,
897 1442 1030 1526 τοῦτον
1048 1447 1172 1535 πατέρα

59 1604 126 1656 luisse
134 1609 228 1659 ominis
239 1610 415 1660 manifestum
426 1616 476 1672 est,
487 1610 577 1675 quale,
626 1611 703 1675 alipio
712 1627 764 1660 rem
773 1611 882 1675 exsequi
891 1612 1028 1675 adpreasss
1036 1616 1083 1659 est.
1096 1610 1172 1659 Idem

58 1675 131 1723 nteit
151 1676 367 1742 wesselingius,
394 1678 518 1743 Augusto
543 1677 578 1727 ad
629 1678 722 1742 placet
745 1679 895 1727 Letronuio
920 1678 1031 1739 (Journ.
1057 1677 1082 1725 d.
1107 1678 1170 1726 Sav.

57 1740 145 1791 letiam
156 1750 218 1794 ante
231 1746 323 1794 aciem
336 1744 438 1795 asellus
451 1761 511 1794 cum
525 1745 579 1794 aei·
632 1744 703 1794 1817.
717 1743 831 1810 pagald)
845 1746 885 1794 sic
899 1744 1037 1794 reddenti:
1051 1746 1172 1807 iljoipnit

58 1810 119 1857 neno
128 1810 212 1861 dedit:
226 1811 358 1875 Εαλμιλιιε
370 1813 468 1869 domini,
481 1813 578 1862 bestiae
629 1812 736 1861 ωιεεὶλὸλ
747 1814 810 1877 effet
822 1817 998 1875 catapersica,
1016 1811 1086 1875 quod
1100 1812 1171 1860 idem

59 1873 122 1926 Nica
136 1886 189 1928 erat
201 1894 305 1940 acmen,
323 1879 412 1944 inquit
424 1880 536 1932 Sueten.
548 1880 577 1929 in
629 1880 685 1930 alio
703 1880 781 1929 modo
798 1879 954 1928 Herodotus
971 1881 1106 1943 expressit
1121 1879 1170 1939 111,

57 1944 149 2008 August
171 1944 213 1996 tt.
258 1947 365 1996 Eadem
389 1962 423 1997 ex
446 1948 577 2011 supersti-
632 1945 692 2009 1353
710 1961 828 2012 namque
842 1946 876 1996 ad
888 1945 1013 2012 προσῆγε
1027 1945 1097 1994 idem
1111 1946 1172 1994 sub-

57 2009 123 2073 tione,
133 2028 184 2062 rem
193 2014 401 2065 memorabilem
412 2014 577 2080 aggressuri,
629 2015 744 2076 lectum,
759 2014 830 2078 quod
843 2015 877 2063 ad
889 2004 1017 2079 ηἠόρενε.

58 2090 94 2126 eos
106 2081 270 2143 potissimum
287 2082 495 2143 admiscebant,
519 2082 578 2147 qui·
663 2082 760 2133 πίστιν
768 2096 799 2131 τε
811 2076 860 2131 παλ
873 2070 966 2146 ὅρκια]
980 2080 1083 2131 Eodem
1094 2080 1173 2130 modo

57 2142 181 2207 bussmto
191 2150 309 2205 ποιπίιιος
326 2150 368 2199 uti
379 2149 577 2215 Vespasianus,
629 2150 725 2200 iuncta
742 2150 917 2200 inveniuntur
929 2149 978 2205 Ill,
991 2148 1032 2196 74.
1051 2148 1098 2209 Ill,
1116 2146 1171 2197 lOss.

58 2210 199 2276 Capitolium
221 2216 413 2277 dedicaturus,
438 2217 468 2266 iu
485 2216 579 2266 Taciti
629 2217 660 2266 ln
674 2217 772 2282 quibus
788 2205 886 2280 ὅρκιον
899 2217 970 2265 idem
984 2216 1041 2265 iere
1056 2230 1116 2264 csse
1131 2221 1172 2265 at·

58 2276 131 2331 lister.
146 2284 191 2347 lv,
207 2282 243 2334 33
266 2299 326 2333 σοντι
344 2285 435 2349 Lipaii
451 2286 527 2334 not.“
544 2309 578 2318 -
629 2299 680 2349 que
693 2274 780 2345 ὄρειον
792 2284 896 2334 monuit
908 2283 938 2333 C.
946 2284 977 2332 F.
985 2283 1028 2332 W.
1041 2282 1172 2332 Mueller:

59 2345 90 2394 De
102 2350 177 2399 verbo
198 2344 322 2416 δέκομαι
340 2352 413 2401 conf.
436 2351 524 2401 allata
542 2351 578 2401 ad
628 2353 671 2401 De
684 2354 742 2400 ritt.
757 2355 785 2400 et
797 2365 935 2401 ceremon.
949 2366 1014 2415 pag.
1030 2348 1070 2398 16.
1094 2350 1173 2415 Apud

59 2410 115 2475 llll,
132 2417 183 2468 tlt.
214 2412 344 2480 Οἰωνὸν,
365 2434 436 2483 quae
449 2420 524 2468 infra
535 2434 578 2468 re·
629 2418 818 2482 Thucydidem
840 2418 890 2480 IV,
909 2417 953 2494 51ι
966 2417 1094 2495 dicuntur
1111 2417 1173 2465 Chii

60 2478 195 2547 iitrocula,
216 2488 415 2536 inuniversnm
432 2503 481 2551 pro
499 2492 579 2537 omine
630 2479 868 2551 ποιησάμενοι
902 2499 974 2546 προς
1006 2482 1173 2548 Αθηναίονς

59 2550 119 2611 poni,
133 2555 197 2603 satis
210 2558 292 2619 patet
309 2569 342 2604 ex
354 2555 476 2619 Euripid.
490 2554 578 2604 Phoe·
630 2551 767 2611 πίστεις
788 2548 838 2602 παλ
856 2547 1041 2617 βεβαιότητα,
1068 2543 1099 2601 ἐκ
1117 2550 1174 2600 τῶν

60 2615 174 2670 titt-litte:
198 2636 281 2686 quem
297 2620 386 2671 locum
404 2621 498 2671 attulit
514 2621 579 2671 Val·
616 2619 763 2671 ·3ννατο3ν
783 2612 877 2685 μηδὲν
893 2614 960 2680 περὶ
977 2616 1053 2683 σφᾶς
1075 2612 1173 2669 νεωτε-

61 2681 149 2735 clenar.
170 2688 234 2738 Alia
247 2688 312 2738 dedi
325 2688 359 2738 ad
371 2688 444 2739 Plut.
457 2689 578 2738 Flami.
630 2704 683 2753 ρον
706 2680 884 2749 βουλεύσειν,
909 2687 955 2736 ubi
979 2688 1012 2736 de
1035 2687 1173 2736 locutione

61 2762 80 2811 p·
93 2750 131 2813 u,
150 2756 247 2820 quibus
272 2756 334 2805 edd.
353 2772 424 2822 quae
447 2757 580 2806 excitavit
631 2762 774 2807 monentes
793 2758 958 2820 interpretes
977 2754 1011 2803 ad
1029 2769 1091 2804 eam
1103 2757 1173 2804 reci·

62 2817 84 2863 t.
94 2818 130 2871 l'r.
142 2822 291 2873 Hermann.
306 2822 515 2877 Gottesdienstl.
534 2823 579 2872 Al·
631 2825 777 2890 procitatls
788 2823 928 2873 notionem
948 2822 1055 2872 attendi
1067 2822 1170 2882 volunt,

61 2885 156 2961 tertld
169 2890 282 2941 Gricch.
295 2893 319 2952 ξ.
332 2890 374 2942 38.
387 2897 444 2941 not.
458 2890 482 2942 3.
631 2907 702 2957 quae
725 2893 754 2940 in
771 2890 856 2941 rerbo
874 2891 966 2941 medio
987 2886 1174 2954 (ποιεῖσθαι)

68 2967 100 3021 ,η
113 2948 169 3021 μὲν]
186 2958 289 3008 Merito
307 2959 348 3008 sic
366 2960 513 3024 repositum
530 2974 579 3023 pro
631 2961 718 3021 inest,
736 2974 861 3023 quaeque
878 2959 963 3007 etiam
981 2957 1015 3007 ad
1034 2956 1105 3006 hunc
1118 2958 1174 3005 He·

62 3015 372 3158 sustituit
389 3026 579 3144 lustu
631 3026 830 3158 stultu
845 3024 1174 3156 stetissetque

63 3150 317 3210 triech.Partik.11.
332 3176 394 3226 pag.
408 3160 466 3211 sel.
631 3176 700 3224 τες,
720 3162 766 3210 ubi
785 3161 869 3211 verbo
887 3162 980 3211 activo
993 3160 1093 3209 Noster
1110 3174 1175 3209 cou-

631 3229 703 3280 sulto
720 3222 821 3278 utitur.'
840 3229 964 3293 Namque
977 3227 1065 3277 Samii
1081 3228 1114 3276 de
1132 3243 1174 3277 so·

223 3328 291 3380 0...
309 3328 396 3380 κν
631 3296 1176 3415 λινεννλενλενεπεν

86 3420 162 3477 τοῦτοί
184 3445 215 3481 τε
238 3419 301 3495 ἅμα
324 3457 357 3467 -·
381 3429 516 3496 προσῆγε]
540 3431 582 3480 Ad
633 3432 767 3481 dederunt
783 3429 1075 3494 atqueabhismutuo
1093 3444 1173 3478 acce·

63 3495 171 3565 undonis
192 3504 357 3549 structuram
379 3499 435 3548 vid.
459 3500 513 3560 lll,
536 3497 582 3549 135
632 3503 744 3566 perant:
761 3498 856 3562 itaque
873 3488 1021 3548 ἐποιεῦντο
1038 3496 1068 3545 in
1084 3497 1175 3546 medlo

63 3556 136 3624 itique
151 3571 217 3616 nott
243 3565 410 3616 Valckenar.
428 3566 584 3616 contulerat
632 3567 717 3617 verbo
741 3566 846 3631 posuit,
871 3581 932 3615 mox
955 3558 1126 3630 ποιήσαντες
1146 3565 1175 3614 iu

63 3623 119 3690 llll,
130 3631 152 3681 t.
162 3632 203 3682 et.
228 3634 283 3684 Pro
295 3632 420 3699 προσῆγε
432 3648 502 3683 unns
514 3634 582 3682 San·
635 3633 727 3684 activo
737 3647 850 3699 ponens,
862 3634 934 3697 quod
943 3633 978 3682 ad
984 3633 1092 3683 Samios
1103 3632 1176 3682 solos

65 3696 127 3745 trotti
142 3701 225 3751 codex
241 3699 364 3766 προῆγε,
384 3702 454 3766 quod
471 3701 543 3751 idem
555 3703 583 3750 in
634 3703 686 3752 hoc
699 3701 833 3766 pertinet:
846 3701 934 3766 qulbus
943 3701 1023 3762 sactis
1034 3700 1176 3773 discedere

64 3770 160 3815 nentem
182 3775 300 3819 venerat
322 3768 583 3834 Schweighaeusero
635 3774 793 3835 coeperunt.
815 3768 883 3817 Inde
895 3782 978 3832 supra
989 3767 1038 3829 111,
1052 3767 1080 3817 8:
1098 3760 1177 3826 οτίις

64 3836 174 3883 tenenti:
205 3839 336 3901 processit
358 3840 494 3900 nepottnm,
523 3838 582 3886 sive
633 3836 728 3895 πίστις
750 3831 989 3901 ποιησάμενος
1013 3850 1118 3901 quoquo
1137 3836 1176 3884 di·

64 3893 150 3949 llexie.
163 3902 296 3957 Herodot.
308 3905 344 3953 11.
358 3920 385 3969 p.
398 3903 458 3967 tto)
471 3919 583 3969 propre·
634 3905 713 3954 citur.
733 3905 804 3953 Ante
817 3895 962 3953 οἷπίιτλεον
973 3902 1118 3952 Bekkerus
1131 3919 1176 3952 ca·

64 3961 167 4028 netem
175 3972 327 4022 succedebat
335 3986 407 4036 opas.
421 3972 475 4022 Sed
484 3978 582 4037 postea
634 3972 737 4022 cidisse
753 3973 823 4022 scite
842 3972 969 4021 coniicit:
992 3962 1046 4035 μὶν
1063 3963 1126 4020 tto.
1143 3995 1175 4005 —

64 4031 144 4110 ualuit
158 4038 186 4085 in
202 4039 277 4105 vulg.
290 4040 482 4104 acquiescere,
501 4054 581 4104 quam
633 4039 806 4105 adsequens
824 4029 1021 4103 ἐπαλλιρίοντο
1038 4038 1093 4088 vid.
1106 4042 1176 4087 nott.

64 4100 95 4145 ¹2⁸
105 4107 302 4168 mterpretatur:
318 4110 430 4158 emmoni
439 4122 492 4157 rem
502 4112 583 4172 ίμιωπ
634 4107 668 4156 ad
680 4107 740 4168 VII,
756 4106 811 4157 134.

64 4166 147 4239 edicet,
168 4172 186 4219 i.
199 4188 223 4222 e.
241 4180 267 4224 et
278 4189 331 4224 rm
347 4176 427 4238 ἰμεσιιι
436 4178 584 4240 μναεελλλιλς
667 4164 850 4238 Ἀπολλωνίης
870 4166 902 4223 dl
919 4171 970 4238 τῆς
988 4164 1020 4223 ἐν
1035 4170 1073 4238 τῷ
1087 4162 1177 4235 Ἰονίω

65 4244 86 4278 tu
99 4234 191 4288 Latine
207 4242 334 4291 versione
352 4247 418 4307 apte
435 4241 526 4292 locum
542 4248 584 4292 to·
634 4234 745 4308 κόλπῳ]
770 4243 812 4290 De
836 4241 961 4306 genitivo
987 4240 1039 4290 hoc
1067 4240 1176 4289 adiecto

65 4300 109 4348 lun
122 4304 159 4353 sic
171 4307 301 4359 reddiditr
318 4310 382 4360 doec
397 4314 494 4361 λοτιιιιιε
510 4325 525 4360 e
540 4327 582 4360 οι·
635 4309 698 4360 vide
722 4308 822 4358 Matth.
846 4308 892 4358 Gr.
912 4307 959 4358 Gr.
983 4309 1006 4368 ξ.
1024 4305 1072 4355 431
1096 4310 1124 4354 et
1142 4304 1175 4356 de
