2952 5156
211 367 272 431 116
646 355 915 423 HERODOTI

210 542 392 625 ναυμαχίη,
421 535 568 603 ἐνθαῦτα
589 530 729 621 μάλιστα
754 531 969 618 ἐξοισομένων
986 531 1055 597 των
1076 555 1112 596 τε
1137 523 1273 615 ἀνδρῶν
1295 529 1349 596 καὶ

208 641 277 708 των
293 642 466 724 ναυηγίων
490 634 543 723 (ἐν
559 630 622 724 γὰρ
642 629 683 720 δη
708 631 801 724 πόρω
818 635 875 719 της
893 636 1077 719 ναυμαχίης
1094 632 1151 716 της
1168 626 1350 718 μελλούσης

210 745 346 808 ἔσεσθαι
371 743 474 806 ἔκειτο
497 730 518 822 ἡ
541 732 675 822 νῆσος),
702 739 759 802 ἵνα
782 730 859 813 τούς
888 732 951 820 μὲν
974 734 1184 822 septuennes,
1212 727 1289 810 τούς
1314 729 1350 798 dl

211 846 441 927 διαφθείρωσι.
479 840 613 906 ἐποίευν
639 835 676 903 dl
700 837 780 924 σιγῇ
801 836 923 922 ταῦτα,
948 827 993 913 ὦς
1010 829 1055 921 μη
1073 839 1302 902 πυνθανοίατο
1319 834 1354 901 ol

211 944 363 1010 ἐναντίοι.
394 943 429 1009 οί
443 938 505 1027 μὲν
524 933 566 1025 da}
583 940 688 1006 ταῦτα
704 939 763 1022 τῆς
780 930 919 1023 νυκτὸς,
938 929 1041 1004 οὐδὲν
1058 930 1350 1023 ἀποκοιμηθέντες,

210 1044 441 1131 παραρτέοντο.

164 1147 204 1205 77
289 1152 474 1232 Χρησμοῑοι
498 1140 536 1209 dl
559 1134 623 1209 oda
644 1145 707 1228 ἔχω
730 1134 930 1226 ἀντιλέγειν,
959 1130 1003 1218 ὥς
1027 1131 1089 1206 οὐκ
1113 1138 1178 1206 elul
1200 1132 1351 1224 ἀληθέες,

209 1239 250 1314 οὔ
269 1241 470 1331 βουλόμενος
490 1243 653 1330 ἐναργέως
678 1242 833 1328 λέγοντας
857 1241 1038 1331 πειρᾶσθαι
1058 1235 1297 1325 καταβάλλειν,
1321 1240 1353 1317 ἐς

209 1342 322 1414 τοιάδε
339 1341 515 1433 πρήγματα
533 1343 703 1429 ἐσβλέψας.

210 1544 293 1621 μῖνος
305 1533 338 1592 ἐν
348 1540 387 1607 τῷ
399 1532 477 1606 πόρῳ
488 1541 595 1599 κεῖται,
617 1537 703 1605 νῆσος
720 1526 755 1588 οὗ
808 1550 896 1586 rernm
906 1541 1033 1588 naturam
1043 1537 1103 1587 fieri
1112 1537 1236 1617 putabat,
1250 1537 1278 1585 in
1289 1551 1354 1587 exa·

209 1610 379 1735 i‘lil’lm
395 1669 627 1741 „sesamae
640 1689 665 1724 ι.
678 1689 702 1723 τ.
716 1669 753 1739 ι]
807 1604 1354 1736 ttl?iht‘:t⁰l¹ltl¹3t·¹;tlhttt

208 1747 286 1796 Bene
300 1760 361 1794 cum
373 1744 417 1793 his
429 1742 596 1808 Wesseling.
611 1741 757 1792 contendit
808 1739 887 1789 conf.
903 1740 956 1801 VI,
969 1739 1003 1789 84
1022 1740 1115 1804 ibique
1133 1744 1201 1789 nott
1215 1738 1280 1789 coll.
1292 1739 1353 1799 vn,

209 1812 339 1876 Aeschyli
355 1813 432 1862 Pers.
451 1810 510 1860 540.
530 1835 562 1844 -
584 1809 631 1859 hd'
643 1824 754 1872 παραρ-
810 1805 870 1869 133;
889 1807 923 1857 de
945 1807 1115 1857 divinatione
1138 1807 1211 1858 coni.
1230 1810 1301 1856 nott.
1320 1807 1355 1855 ad

208 1876 307 1930 τίοντο
326 1879 398 1930 coni.
417 1883 485 1928 nott.
504 1877 539 1926 nd
553 1875 676 1938 vl1,20.
711 1877 754 1925 De
807 1873 1127 1936 V11,57.V1‚27.uu.
1167 1875 1220 1924 His
1243 1874 1355 1937 addam,

209 1949 271 2013 ipsa
284 1948 360 1998 vocis
374 1943 650 1996 sormavid.Bredov.
661 1941 753 2008 putu.
807 1956 878 2006 quae
900 1942 1140 1993 Valckenarius
1159 1942 1194 1991 ad
1210 1942 1236 1990 h.
1255 1941 1274 1994 l.
1293 1958 1355 2007 per-

210 2015 270 2076 Qno
288 2014 383 2063 eodem
401 2017 515 2062 auctore
530 2013 559 2059 in
571 2012 693 2076 proxime
707 2025 754 2059 an·
807 2010 932 2075 scripsit:
952 2010 1043 2070 „Hinc
1061 2008 1141 2059 simul
1159 2008 1310 2059 aestimare
1323 2009 1356 2058 li-

156 2088 161 2098 “
210 2081 400 2130 tecedentihus
409 2095 458 2145 pro
469 2071 569 2141 ἐκεῐτο,
579 2077 651 2141 quod
661 2092 755 2127 omnes
808 2083 867 2140 cet,
884 2076 939 2127 iam
956 2082 1013 2126 tum
1029 2077 1155 2127 homines
1172 2077 1257 2126 fuisse
1270 2077 1356 2141 vulgo

229 2149 344 2198 rachent
365 2146 430 2195 libri
444 2146 557 2211 scripti,
581 2144 756 2195 scribendum
806 2144 1040 2209 perspicaciores,
1063 2145 1163 2209 quibus
1185 2144 1356 2209 adpnrnerit,

209 2165 317 2275 dataro,
347 2214 418 2279 quod
441 2213 555 2278 scripsit
581 2211 754 2273 Dietsehiuu;
808 2211 1004 2276 quodBacidis
1021 2209 1357 2276 [dequoeont.v111.uu

209 2283 258 2333 sed
275 2281 330 2331 vid.
350 2286 419 2331 nott.
439 2281 473 2330 ad
486 2280 567 2341 v111,
581 2279 623 2329 41.
659 2280 756 2344 Neque
807 2279 874 2343 ibiq.
887 2276 967 2344 nott]
982 2294 1042 2329 esse
1056 2279 1201 2329 ferebatur
1212 2278 1357 2328 oraculum

209 2366 275 2400 vero
300 2349 371 2398 idem
395 2347 555 2398 Dieteehius
583 2363 644 2396 mox
669 2346 757 2397 edidit
808 2347 878 2396 istoc
891 2346 1007 2395 articulo
1020 2348 1165 2412 temporis,
1184 2346 1270 2412 ipsius
1283 2347 1356 2397 sorte

210 2411 406 2481 περιποιέωσι,
429 2415 501 2480 qnod
522 2418 667 2479 receperat
687 2416 757 2464 Din-

210 2484 310 2535 dorfiua
320 2483 471 2534 accedente
479 2483 616 2533 Bredovio
626 2498 688 2548 pag.
696 2480 755 2532 374.

209 2552 278 2602 Mihi
297 2554 325 2602 in
342 2558 458 2616 utraque
476 2566 544 2601 voce
561 2549 631 2600 nihil
650 2555 755 2599 mutan-

210 2621 273 2670 dum
289 2620 411 2669 videtur:
437 2620 531 2682 itaque
549 2617 660 2682 reliqui,
685 2617 755 2681 quod

211 2689 329 2738 omnium
341 2686 472 2737 librorum
487 2686 650 2750 scriptorum
664 2690 756 2734 tuetur

211 2756 372 2805 auctoritas.
402 2756 435 2803 In
448 2769 524 2818 seqq.
538 2743 626 2802 oddlv
638 2741 756 2802 α’ττοκοι·

209 2817 353 2888 μηθίκτες
377 2826 431 2871 eat:
462 2824 531 2870 uultu
547 2824 630 2885 quiete
646 2827 754 2885 sumpta.

371 2990 437 3039 Car.
456 2989 594 3038 LXXVII.

243 3091 270 3141 Χ
271 3103 324 3155 cqc
345 3091 402 3140 οῖσι
416 3082 447 3139 δὲ
460 3082 512 3139 οίκ
529 3078 756 3154 {periculique

209 3175 234 3208 κ.
256 3174 279 3208 τ.
299 3106 343 3222 hd
365 3157 414 3206 Vel
438 3156 483 3206 hic
506 3157 583 3206 locus
609 3156 754 3206 ostendere

210 3231 310 3291 potest,
325 3225 494 3275 Herodotum
506 3239 560 3275 non
572 3225 612 3273 ita
624 3225 755 3288 superati·

211 3295 286 3343 tione
311 3292 396 3342 inisse
421 3296 546 3357 captum,
577 3296 607 3341 ut
630 3292 755 3341 omnihus

211 3361 331 3411 oraculis
341 3365 444 3410 temere
456 3359 571 3410 adderet
580 3358 667 3415 iidem,
674 3374 755 3423 quam

211 3434 267 3477 tum
285 3428 390 3478 demum
404 3428 535 3477 adhibere
552 3442 633 3493 posse
648 3427 703 3476 eibi
715 3427 754 3478 vi·

211 3495 341 3553 debatur,
364 3496 386 3543 si
410 3502 524 3545 eventus
545 3495 696 3560 praedictis
713 3510 755 3544 re·

210 3562 367 3628 sponderet.
404 3562 472 3611 Sunt
484 3578 549 3613 vero
560 3562 631 3612 haec
644 3563 754 3611 coniun-

212 3636 258 3679 cta
276 3645 337 3679 cnm
353 3629 465 3678 notione
487 3629 520 3679 de
541 3631 598 3679 into
617 3634 645 3679 et
662 3629 755 3679 divino

209 3698 333 3760 numine,
360 3712 441 3762 quam
466 3697 516 3746 sihi
541 3697 640 3746 Noster
663 3698 754 3747 animo

210 3764 407 3825 conformavit,
431 3779 537 3828 quaque
559 3765 644 3814 etiam
666 3765 754 3814 omnis

209 3833 306 3880 nititur
319 3832 512 3881 vaticiniorum
530 3830 597 3880 fides
612 3833 753 3896 omnisque

209 3898 387 3948 divinationis
405 3900 507 3964 opinio.
547 3899 626 3948 Cani.
645 3900 753 3964 laeger.

208 3965 330 4030 Disputt.
344 3966 464 4015 Herodd.
478 3982 541 4031 pag.
555 3965 596 4017 48.
623 3968 663 4015 Ac
675 3982 753 4032 repe-

209 4033 244 4082 tit
255 4033 356 4083 Noster
371 4033 399 4082 in
412 4032 466 4083 fine
481 4034 595 4099 capitis,
614 4035 674 4098 ipso
692 4049 753 4084 ora-

209 4100 270 4150 culo
284 4100 382 4163 allato,
401 4102 473 4150 hanc
486 4116 563 4151 suam
576 4101 750 4164 sententiam,

209 4183 261 4232 qno
283 4170 372 4234 magis
389 4168 439 4217 illa
459 4168 564 4218 habeat
580 4168 683 4233 pondus
705 4184 751 4219 au-

807 2428 891 2464 suaen
899 2413 1093 2464 Themistoclis
1103 2414 1188 2464 inisse
1198 2413 1356 2464 confictum.

807 2482 886 2542 Quae
903 2480 977 2531 bello
990 2481 1227 2547 Peloponnesiaco
1246 2481 1281 2530 ad
1297 2480 1355 2546 ple·

806 2549 869 2598 bem
893 2549 1015 2599 Atticam
1044 2547 1202 2599 lactandam
1232 2548 1268 2598 ab
1294 2564 1355 2598 esn-

806 2616 943 2666 rientibus
972 2616 1148 2681 fingebantur
1182 2616 1354 2683 demagogis,

806 2683 882 2733 velut
902 2684 1015 2734 Bacidis
1040 2689 1088 2734 aut
1111 2684 1197 2749 ipsius
1217 2683 1355 2749 Apollinis

807 2750 919 2801 oracula
943 2751 1059 2802 Athenis
1088 2751 1251 2812 decantata,
1283 2751 1356 2801 ridet

807 2817 856 2868 illa
870 2834 970 2882 magna
980 2834 1041 2869 cnm
1051 2819 1182 2869 libertate
1191 2819 1355 2885 Aristopha-

807 2901 856 2936 nes
869 2888 897 2936 in
910 2886 989 2937 Avih.
1003 2885 1054 2938 963
1066 2903 1141 2951 seqq.
1156 2889 1185 2936 et
1196 2886 1290 2951 Equit.
1304 2885 1356 2937 995

808 2958 861 3005 etc.
896 2954 1082 3005 :teineritatis
1105 2954 1197 3004 lumen
1215 2955 1355 3005 Eusebius

806 3021 887 3071 istius
906 3022 988 3071 etiam
1005 3021 1137 3072 officinae
1154 3022 1268 3072 fraudes
1280 3026 1354 3072 rete-

807 3104 874 3153 gens
892 3088 940 3138 lib.
954 3089 1000 3139 1v.
1019 3089 1118 3155 Praep.
1135 3090 1244 3156 Erang.
1262 3089 1355 3168 plera·

807 3157 1356 3289 ttt,t⁹‡⁸ti,ttl;ttt²tlutut

807 3296 883 3341 certe
896 3291 1060 3341 videbantur
1072 3291 1219 3342 Gadarene
1231 3292 1260 3340 in
1271 3291 1353 3353 libro,

808 3374 886 3423 quem
916 3359 1095 3424 inscripserat
1123 3354 1207 3423 Φωρά
1233 3352 1353 3425 γοήτων.

807 3426 861 3476 Sed
883 3426 969 3477 multa
992 3428 1081 3491 potina
1105 3426 1216 3477 inerunt
1232 3427 1354 3477 virorum

807 3493 974 3560 principum,
999 3484 1115 3558 ἀνδρῶν
1136 3509 1167 3544 τε
1189 3493 1289 3559 σοφοῖν
1309 3508 1353 3545 τε·

807 3557 969 3626 χνυὶσματα,
988 3562 1024 3611 ad
1040 3563 1196 3628 opinionem
1213 3562 1353 3627 imperito·

806 3644 864 3678 ram
877 3629 1024 3679 conficta.“
1058 3622 1249 3696 cocodrillus
1260 3629 1352 3679 valet:

805 3697 930 3757 deiicere,
949 3697 967 3747 i.
983 3714 1006 3748 e.
1020 3700 1141 3760 relicere,
1164 3697 1219 3747 vim
1232 3697 1352 3748 auetori-

806 3769 946 3829 tatemqne
969 3765 1129 3831 infringere.
1171 3765 1214 3814 cf.
1237 3765 1291 3827 IX,
1310 3763 1352 3814 79.

804 3832 930 3881 Afferunt
947 3847 1052 3897 quoqne
1069 3833 1228 3898 Euripidem
1245 3831 1351 3883 Bacch.

804 3898 863 3960 205,
877 3899 923 3948 uhi
935 3900 1059 3950 Tiresias
1070 3902 1112 3950 sic
1123 3901 1272 3965 eloquitur:
1296 3916 1351 3950 rra-

803 3965 901 4032 τρίους
922 3960 1092 4033 καραδοχοὶς
1108 3957 1145 4026 ἇς
1164 3958 1199 4018 θ’
1211 3958 1352 4034 ὁμήλικας

804 4027 896 4112 χρόνω
908 4025 1079 4112 κεκτήμεθ’,
1098 4026 1195 4095 ου’δελς
1207 4029 1280 4086 αὐτοὶ
1294 4052 1350 4085 κα-

804 4100 971 4167 ταβαλλει
989 4103 1085 4167 λογος,
1106 4105 1124 4153 i.
1143 4120 1167 4153 e.
1185 4119 1235 4154 non
1252 4106 1303 4154 erit
1320 4107 1351 4153 ut

803 4169 853 4223 illa
864 4170 977 4220 decreta
989 4173 1131 4235 redarpuut
1141 4176 1170 4221 et
1180 4172 1300 4236 profiipel
1312 4175 1350 4220 ul·

208 4237 433 4301 ctoritatemqu03
446 4236 670 4300 quemadmodum
680 4238 752 4287 idem
802 4240 850 4288 lius
859 4240 1029 4299 ratiocinatio,
1037 4243 1067 4287 ut
1076 4238 1164 4289 reddit
1173 4237 1349 4302 Bernhardy:

207 4302 256 4352 ille
273 4319 355 4369 supra
372 4319 478 4369 qnoque
496 4320 542 4367 ea,
567 4319 637 4368 quae
656 4309 752 4355 contra
803 4305 954 4371 Theologg.
975 4305 1091 4357 Gracco.
1110 4306 1160 4356 111.
1179 4322 1206 4372 p.
1225 4305 1279 4368 IX,
1302 4305 1350 4369 qni
