2866 5134
247 418 307 478 462
655 412 971 473 COMMEN'PATIO

246 592 341 637 nostra
361 592 450 639 aetate
472 585 544 639 haud
565 602 667 655 paucos
689 585 764 638 viros
786 584 881 637 doctos
903 586 1007 638 offendi
1025 586 1162 655 ridemus,
1186 589 1258 658 qood
1274 588 1364 643 scilicet

245 670 404 723 Herodotus
430 690 484 723 non
514 671 601 724 omnia
625 678 752 723 accurate
778 670 812 722 ad
838 670 948 723 lonicae
978 671 1086 724 dialecti
1110 672 1184 740 leges
1206 689 1363 742 normamque

245 756 381 823 exegerit,
401 757 450 809 sed
471 757 540 808 alins
560 754 671 808 aliarum
692 772 803 825 qnoque
824 754 1002 809 dialectorum
1022 758 1123 809 formos
1139 757 1287 826 promiscue
1300 757 1364 809 adbi-

244 840 346 909 buerit,
363 859 396 892 ne
412 842 439 892 in
458 842 527 912 ipsis
544 841 651 911 quidem
669 840 771 892 Ionicis
788 840 882 893 formis
904 840 957 892 sibi
974 859 1091 909 prorsus
1105 849 1247 913 conatam,
1264 858 1364 914 quarum

244 925 272 976 io
289 924 376 978 locum
390 925 512 993 vulgaris
527 934 576 978 ant
590 926 659 996 epici
678 926 813 977 sermonis
831 928 933 977 formae
950 926 1021 979 haud
1037 944 1100 979 raro
1115 927 1273 994 succedunt,
1293 927 1327 979 ita
1340 934 1364 977 ot

245 1010 320 1062 nulla
334 1018 466 1080 appareat
481 1029 578 1079 cenea,
594 1028 644 1063 cur
660 1012 728 1062 banc
742 1010 802 1062 aive
816 1010 887 1062 illam
903 1012 1013 1064 sormam
1029 1011 1200 1082 praetulerit.
1236 1013 1365 1064 Auxerunt

245 1096 313 1147 banc
340 1095 399 1148 sive
430 1096 587 1149 varietatem
610 1095 670 1147 sive
693 1095 904 1148 inconstantiam
926 1096 1032 1149 librarii
1056 1097 1178 1149 codicum
1200 1090 1363 1161 incuriosi‘),

244 1196 328 1249 prave
345 1182 446 1232 formas
461 1181 553 1232 varias
564 1180 761 1249 permiscentes
778 1197 828 1232 nec
845 1180 884 1232 ito
897 1181 1096 1248 discernentes,
1113 1182 1186 1234 utin
1203 1181 1268 1233 locis
1284 1180 1364 1233 dubiis

244 1264 357 1317 criticus
376 1266 487 1333 habeat,
510 1265 582 1337 qnod
599 1274 746 1335 sequatur,
769 1267 929 1333 praesertim
943 1284 1002 1319 cnm
1017 1266 1063 1319 vix
1078 1266 1167 1319 adbuc
1184 1273 1257 1319 certo
1272 1272 1365 1318 constet

244 1351 278 1400 de
291 1349 410 1416 singulis
424 1350 506 1403 huius
525 1350 633 1403 dialecti
655 1349 748 1402 formis
763 1349 983 1420 flexionibusqire
1000 1368 1052 1403 nec
1072 1351 1134 1421 ipsa
1150 1352 1365 1420 grammaticorum

245 1442 390 1504 praecepta
405 1452 463 1487 cunr
479 1435 523 1501 iis,
540 1452 611 1504 quae
624 1434 743 1503 singulis
763 1433 830 1486 locis
845 1435 919 1503 apud
934 1435 1105 1488 Herodotum
1122 1435 1186 1489 libri
1204 1437 1296 1505 scripti
1309 1435 1364 1486 alie·

245 1526 318 1585 runt,
344 1520 504 1586 concinaot3
526 1520 591 1589 quin
618 1520 692 1589 qnod
717 1519 772 1587 ipsi
792 1520 958 1586 grammatici
979 1527 1089 1573 veteres
1106 1538 1141 1573 ex
1156 1520 1287 1575 Herodoti
1301 1518 1365 1571 libris

244 1604 375 1671 quaedam
388 1602 579 1669 afferunt**)‚
601 1621 672 1674 qnae
693 1603 721 1655 in
737 1603 892 1672 Herodoto,
915 1604 1022 1675 qualem
1039 1622 1113 1659 nunc
1134 1606 1232 1676 scripti
1251 1605 1309 1657 libri
1328 1620 1364 1656 er·

244 1689 347 1755 bibent,
366 1691 472 1741 frustra
488 1706 615 1759 quaeras.
647 1691 727 1752 Quae
748 1705 808 1741 cum
830 1689 869 1740 ita
890 1708 921 1742 se
938 1690 1070 1755 habeant,
1086 1690 1272 1759 Wesseliogio
1291 1688 1365 1742 satior

244 1774 390 1826 videbatur
412 1775 527 1843 optimos
547 1790 681 1844 vquosque
713 1773 794 1843 sequi
819 1774 942 1843 codices,
972 1783 1120 1845 praecepta
1153 1776 1364 1845 grammaticorum

243 1866 357 1912 enotare
372 1866 400 1911 et
415 1860 567 1912 adtentum
582 1859 677 1912 melius
693 1859 923 1928 constituendum,
940 1860 1030 1929 quoad
1047 1878 1097 1929 per
1112 1861 1200 1914 libros
1213 1861 1313 1925 liceret,
1326 1856 1363 1908 ad·

243 1944 353 2012 hibere;
369 1961 486 2014 eumque
501 1944 550 1996 hac
565 1943 593 1996 in
611 1962 650 2010 re,
667 1943 735 1996 alios
752 1952 784 1996 ut
797 1951 909 2013 taceam,
926 1953 1040 1998 secutus
1058 1953 1101 1997 est
1114 1945 1246 2012 Reiaius,
1260 1941 1362 1996 desernit

242 2029 422 2096 Schaet'erus,
439 2029 487 2099 qni
503 2031 649 2082 formarum
663 2028 798 2099 quandam
813 2030 1008 2100 constantiam,
1025 2046 1105 2099 quom
1122 2031 1152 2084 in
1171 2029 1301 2083 Herodoti
1318 2024 1361 2078 edi·

242 2115 366 2167 tionibus
381 2131 465 2182 aegre
480 2115 669 2182 desiderabat,
686 2114 835 2167 restituere
854 2130 913 2168 curu
929 2113 1026 2181 vellet,
1051 2115 1142 2167 omnia
1159 2117 1194 2168 ad
1216 2130 1291 2167 unam
1311 2127 1360 2164 ean·

242 2199 357 2270 demque
372 2216 490 2252 normam
506 2206 661 2270 certamque
674 2198 761 2251 Ionici
775 2200 910 2252 sermonis
925 2199 1047 2267 regulam
1065 2200 1103 2251 ita
1118 2201 1221 2269 exegit,
1236 2207 1274 2266 ut,
1289 2208 1357 2267 pareo

243 2284 296 2336 sibi
309 2284 423 2337 reddere
435 2301 495 2337 cum
507 2291 655 2338 conaretur
666 2283 845 2351 Herodotum,
863 2303 923 2337 mox
933 2293 1022 2338 tamen
1037 2284 1097 2354 ipse
1110 2285 1285 2353 intelligeret,
1297 2292 1355 2350 qut!

242 2377 344 2422 temere
360 2369 457 2437 egerit.
494 2370 591 2439 ltaque
606 2370 633 2422 in
649 2369 694 2421 ria
705 2368 864 2422 subsistens
878 2369 912 2421 ad
928 2370 1046 2439 priorem
1058 2370 1240 2437 Wesaelingii
1252 2368 1356 2420 rationem

243 2462 339 2524 utpote
353 2454 482 2508 tutiorem
498 2464 580 2526 atque
595 2454 739 2508 certiorem
757 2453 848 2507 redire
865 2454 968 2507 maluit.
1000 2455 1040 2507 Ac
1057 2455 1137 2507 iurat
1155 2455 1217 2526 ipsa
1238 2453 1286 2505 riri
1299 2463 1358 2520 prat·

242 2540 404 2591 stantissimi
417 2541 500 2594 verba
512 2541 564 2592 huc
573 2536 799 2609 apponere***):
813 2539 924 2605 „Quum
936 2539 1051 2609 primum
1060 2540 1205 2593 Herodoto
1217 2532 1361 2591 recensebit

242 2642 358 2690 „manua
374 2625 570 2690 admovissem,
586 2626 655 2677 hanc
672 2623 735 2677 mihi
756 2623 841 2691 legem
865 2624 1038 2693 scripseram,
1068 2633 1099 2677 ut
1122 2624 1219 2678 formis
1239 2622 1361 2675 verboru·

242 2710 458 2777 ,‚communibns,
480 2711 560 2763 etiam
574 2720 630 2763 tum
643 2727 703 2762 cum
717 2708 826 2762 codices
841 2716 966 2762 tacerent
986 2708 1126 2779 expulsis,
1142 2710 1251 2763 Ionicos
1270 2704 1361 2758 roffio-

241 2812 326 2859 „rem.
363 2795 445 2846 Hunc
468 2813 566 2848 morem
586 2794 613 2846 in
640 2795 780 2864 prioribus
802 2793 919 2862 plagulis
947 2802 1108 2847 constanter
1130 2795 1217 2847 tenui.
1249 2790 1299 2844 Sed
1316 2801 1362 2838 n⁰1

241 2879 383 2945 „instituti
404 2898 445 2931 me
466 2881 606 2949 poenitere
621 2880 725 2949 coepit,
745 2881 877 2950 planoque
896 2880 1011 2951 cognovi
1025 2881 1206 2944 Herodotum,
1224 2877 1324 2949 perinde
1340 2888 1364 2924 Μ

241 2973 360 3030 „cotem
374 2967 514 3035 scriptores
525 2967 656 3031 Graecos,
680 2967 823 3019 dialectum
844 2968 880 3018 od
894 2968 1101 3037 grammaticam
1116 2958 1260 3037 ἀκρίβειαν
1277 2978 1325 3013 oon
1339 2973 1363 3008 ea

241 3050 395 3120 „exegiaae,
417 3069 484 3118 quoe
504 3054 588 3121 vulgo
608 3051 724 3105 creditur
745 3050 896 3104 cooarooo'o
910 3060 989 3118 atque
1001 3052 1211 3122 perpetuitate.“
1247 3045 1299 3110 Qui
1313 3046 1364 3112 ΡΜ

241 3133 416 3187 Schaeierum
436 3135 471 3187 ad
491 3134 660 3188 Herodotum
680 3142 872 3202 accesserunt,
897 3134 1008 3188 eandem
1029 3136 1056 3188 in
1080 3136 1240 3188 universum
1258 3130 1320 3182 viam
1332 3135 1363 3176 tc

241 3227 371 3287 nuernnt,
386 3236 446 3272 cum
463 3238 479 3272 a
494 3220 615 3273 codicum
631 3220 793 3272 anctoritate
811 3219 838 3271 in
857 3219 958 3272 talibus
974 3219 1104 3273 recedere
1119 3220 1233 3286 nollent,
1249 3214 1364 3280 valdeque

240 3303 384 3372 timerent,
409 3324 458 3373 ne,
480 3304 692 3357 inconstantiam
719 3304 789 3356 illam
806 3305 833 3357 io
850 3303 969 3372 singulis
987 3306 1081 3357 formis
1099 3305 1207 3357 obviam
1220 3305 1244 3356 si
1261 3295 1363 3352 librarii!

240 3390 396 3442 tribuerent
415 3390 534 3461 indeque
556 3390 645 3442 omnio
667 3390 701 3442 ad
723 3406 802 3442 unam
823 3407 942 3442 normam
958 3390 1111 3460 exigerent,
1128 3398 1229 3443 temere
1243 3386 1361 3454 agerent·

240 3476 336 3544 quein
352 3492 412 3527 eum
429 3476 589 3545 scriptorem
604 3473 726 3543 grassari
742 3474 918 3540 viderentur,
941 3475 988 3545 qui
1009 3475 1042 3526 ad
1064 3474 1188 3527 codicum
1209 3473 1362 3542 probatorum

240 3561 430 3613 anctoritatem
448 3561 626 3628 refingendus
649 3566 677 3611 et
698 3559 884 3612 emendandus
899 3568 988 3612 esset:
1011 3560 1131 3627 accedit,
1155 3558 1229 3629 quod
1243 3555 1284 3608 ille
1298 3552 1361 3609 liber,

240 3644 287 3713 qni
306 3646 422 3698 omnium
435 3645 689 3714 praestantissimus
704 3644 834 3711 habetur,
856 3644 1012 3710 Mediceus,
1028 3645 1148 3697 nondum
1168 3643 1216 3705 ed,
1234 3656 1306 3711 qaam
1319 3651 1361 3687 ut

241 3728 294 3780 rito
322 3746 396 3782 nunc
417 3730 597 3800 requirimus,
624 3728 898 3797 curdestoollatna,
915 3729 1025 3800 utquid
1051 3730 1078 3781 in
1103 3728 1224 3796 singulis
1245 3722 1361 3778 exhibent

240 3821 315 3865 certo
334 3815 461 3881 sciamus,
482 3814 580 3885 reliqui
595 3821 685 3867 autem
700 3813 771 3880 libri,
790 3814 839 3884 qui
854 3815 1010 3866 accuratius
1027 3814 1146 3884 inspecti
1161 3822 1190 3866 et
1203 3809 1288 3864 collati
1300 3808 1361 3857 eunt.

240 4028 396 4079 Herodotus
408 4028 532 4080 historiis
544 4032 674 4093 inseruit,
688 4031 716 4080 in
729 4034 832 4081 textum
845 4030 1037 4096 irrepserint.“
1071 4028 1141 4080 Add.
1156 4028 1251 4080 Strnno
1264 4020 1360 4085 Qooeot·

240 4097 360 4147 Herodd.
375 4098 492 4163 Speeim.
506 4099 527 4147 1.
541 4114 567 4163 p.
584 4099 614 4147 10
626 4100 755 4163 (Opnscc.
770 4099 880 4149 seleott.
895 4099 932 4148 II.
945 4115 971 4164 p.
985 4096 1035 4148 ²68
1048 4098 1126 4163 seq).

308 4163 331 4227 ‘l
349 4166 389 4215 Ac
413 4167 510 4215 merito
532 4167 708 4231 conqueritur
725 4168 822 4217 Struve
840 4168 954 4228 Quaest.
974 4167 1093 4216 Herodd.
1111 4166 1192 4231 Spec.
1211 4164 1246 4214 ll.
1263 4173 1319 4227 pag·
1336 4149 1360 4200 ¹5

240 4234 371 4299 (Opuncc.
390 4233 500 4284 seleott.
515 4235 551 4284 Il.
565 4251 590 4299 p.
604 4233 675 4295 344),
694 4234 838 4300 plerosquo
857 4234 967 4284 codices
979 4234 1113 4285 Herodoti
1131 4235 1159 4283 in
1172 4231 1284 4289 talibus,
1305 4232 1359 4287 (ιω

240 4302 371 4352 minutias
383 4301 465 4367 vulgo
477 4302 595 4365 habent,
609 4318 663 4352 oon
675 4304 745 4352 satia
758 4307 889 4353 accurate
901 4302 1019 4352 collatos
1032 4318 1101 4353 esse.

307 4367 347 4431 η)
365 4370 445 4450 Cous.
458 4370 625 4435 wesseling.
638 4371 711 4420 Dina.
725 4370 828 4420 Herod.
842 4370 888 4449 VI..
902 4387 928 4487 p.
942 4370 976 4420 48
988 4386 1045 4437 aeq.

308 4434 362 4501 m)
382 4438 441 4489 Vrd.
453 4438 576 4489 Praefat.
586 4455 612 4504 p.
623 4438 647 4491 b.
667 4438 769 4487 Probat
779 4438 906 4504 Schwerg
927 4454 1025 4489 acrraer
1038 4436 1160 4489 Praelnt.
1172 4438 1193 4493 1,
1203 4436 1227 4483 2.
1238 4450 1262 4498 p.
1273 4421 1358 4479 xxm.
