2866 5134
246 388 309 451 450
661 380 977 443 COMMENTATIO

247 556 342 606 Adhuc
363 554 453 606 fertur
470 552 541 604 inter
556 555 693 607 Plutarchi
713 553 818 623 scripta
837 551 947 606 libellus
965 552 1029 623 περὶ
1051 556 1100 624 τῆς
1115 548 1264 624 Ἡροδότου
1279 572 1367 623 κακοη-

246 643 326 701 θείας
342 639 376 691 Τ.
395 637 430 689 ΙΙ.
446 656 473 707 p.
490 641 542 691 854
557 654 632 709 seq.;
661 658 685 692 s.
708 637 769 689 Vol.
788 637 833 693 lV.
856 657 883 707 p.
903 642 952 692 431
975 656 1054 709 seqq.
1074 639 1118 692 ed.
1140 640 1326 711 Wyttenbacb.
1344 648 1367 691 et

248 724 307 777 Vol.
326 722 388 776 ΧΠ.
407 741 434 793 p.
451 725 501 776 285
516 723 559 779 ed.
574 724 708 778 Horten:
735 723 764 775 iu
787 740 843 795 quo
863 722 953 776 libello
968 724 996 776 id
1013 724 1184 793 potissimum
1203 726 1260 794 egit
1275 734 1367 791 auctu,

247 818 279 861 ut
293 811 428 875 Boeotos,
449 809 597 879 populares
613 825 694 875 suos,
715 825 774 861 cum
795 809 829 861 ab
844 808 906 860 aliis
921 808 1081 862 criminibus
1098 820 1244 880 purgaret,
1267 827 1368 882 quorum

246 897 279 946 ab
301 893 442 947 Herodoto
463 894 676 963 mensurentur,
696 901 752 947 tum
773 911 840 947 vero
861 894 974 947 maxime
994 911 1011 946 a
1031 894 1142 948 crimine
1163 896 1301 949 societatis
1319 912 1370 948 cau

245 981 340 1034 Persis
362 979 424 1032 olim
444 978 529 1032 initae
550 988 645 1032 contra
667 979 789 1051 reliquos
804 980 945 1033 Graecos:
972 996 1063 1050 neque
1084 998 1151 1033 vero
1173 982 1214 1034 his
1236 989 1369 1035 contentus

246 1074 342 1118 auctor
357 1064 534 1135 scriptionis,
560 1082 615 1135 quo
635 1065 732 1118 melius
752 1066 922 1134 propositum
944 1062 1032 1118 suum'
1041 1075 1256 1134 assequeretur,
1276 1067 1303 1119 in
1318 1066 1369 1118 uni-

248 1167 356 1203 versum
374 1149 553 1221 persequitur
569 1150 704 1203 Herodoti
721 1149 851 1202 historias
872 1151 1104 1219 vehementerque
1124 1150 1153 1203 in
1174 1157 1278 1220 patrem
1295 1153 1369 1205 histo

245 1237 303 1288 riae
317 1234 472 1303 invehitur,
498 1235 570 1288 hunc
585 1236 746 1305 scriptorem
763 1235 893 1288 malevolo
911 1237 1000 1289 auimo
1016 1236 1127 1288 ductum
1142 1254 1188 1288 res
1203 1236 1284 1289 aliter
1299 1244 1370 1305 atque

246 1319 397 1373 acciderint
420 1321 568 1373 tradidisse
589 1319 724 1388 clamans,
752 1320 837 1373 multa
857 1321 988 1390 linxisse,
1009 1320 1063 1372 alia
1083 1322 1222 1388 tacuisse,
1249 1321 1308 1373 aliis
1323 1319 1370 1371 lau

246 1406 305 1458 dem
330 1404 479 1472 tribuisse,
509 1405 623 1459 aliorum
643 1406 756 1474 gloriam
777 1405 923 1458 invidiosis
948 1405 1184 1459 criminationibus
1210 1407 1370 1465 obscurasse,

246 1492 305 1544 veri
320 1490 428 1543 minime
446 1491 594 1546 curiosum.
630 1492 710 1554 Quae
731 1491 819 1544 omnia
841 1490 943 1543 nullius
966 1493 1024 1544 iere
1044 1491 1169 1543 momenti
1183 1508 1263 1558 esse,
1286 1491 1313 1543 in
1332 1507 1370 1542 su·

245 1576 387 1628 notatione
401 1575 435 1628 ad
449 1576 589 1644 singulos,
606 1593 676 1647 quos
691 1577 745 1629 iste
760 1583 856 1629 auctor
867 1576 971 1644 tangit,
991 1576 1066 1631 locos
1081 1574 1273 1645 probavimus;
1295 1592 1370 1644 neque

246 1662 370 1714 hocloco
387 1662 453 1734 haec
467 1662 617 1731 repetenda
633 1663 806 1715 censuimus:
829 1661 896 1714 adeo
915 1662 986 1714 enim
1002 1660 1148 1729 languida,
1162 1660 1270 1729 iutilia,
1290 1660 1371 1729 inepta

245 1748 377 1817 pleraque
395 1755 475 1812 sunt,
498 1763 570 1816 quae
585 1754 681 1800 contra
697 1747 867 1800 Herodotum
882 1746 1000 1816 eiusque
1017 1746 1096 1799 fidem
1115 1748 1311 1815 proferuntur,
1331 1762 1371 1796 nec

246 1831 300 1884 ullo
321 1833 399 1885 modo
420 1831 503 1900 digne
529 1831 575 1884 illa
598 1832 706 1902 quidem
730 1831 892 1901 philosopho
913 1830 1117 1899 Chaeronensi,
1144 1832 1193 1900 qui
1225 1848 1278 1884 non
1298 1829 1369 1881 sclua

244 1934 371 1970 summam
387 1917 553 1985 doctrinam,
574 1935 668 1971 verum
683 1918 764 1970 etiam
778 1918 915 1970 maximam
929 1917 1055 1988 pietatem
1069 1916 1240 1986 deorumque
1255 1932 1367 1969 resersu-

245 2004 309 2055 tiam
329 2002 357 2055 in
379 2003 503 2054 omnibus
517 2019 584 2073 prae
600 2022 630 2056 se
646 2004 702 2055 fert
717 2020 805 2073 eaque
820 2020 850 2055 re
866 2002 909 2055 val
925 2003 1040 2073 propius
1054 2001 1160 2054 accedit
1174 2003 1212 2054 ed
1225 2002 1313 2070 ipsum
1325 2000 1367 2051 He

245 2089 385 2155 rodotum,
407 2087 545 2140 sentiendi
567 2094 595 2142 et
614 2088 754 2157 cogitandi
775 2088 907 2142 rationem
925 2087 967 2140 vel
989 2089 1017 2139 in
1032 2088 1145 2140 maxima
1160 2094 1309 2156 temporum
1323 2084 1367 2136 dis·

246 2174 386 2244 crepantia
408 2173 433 2224 si
454 2173 601 2242 respicias:
630 2176 664 2226 ab
680 2175 731 2226 hcc
745 2174 831 2243 igitur
846 2173 919 2226 hunc
938 2172 1058 2226 libellum
1072 2172 1261 2242 conscriptum
1276 2188 1333 2225 essa
1345 2178 1367 2220 rt

245 2259 367 2325 credam,
393 2275 465 2311 ame
480 2259 625 2328 impetrare
640 2277 764 2329 nequeo,
782 2259 882 2329 idque,
904 2265 935 2311 ut
949 2265 1052 2311 taceam
1066 2259 1101 2311 de
1115 2257 1166 2325 iis,
1185 2274 1258 2328 quae
1276 2256 1308 2309 ad
1322 2254 1368 2307 siu·

245 2344 326 2412 gulos
341 2343 476 2396 Herodoti
495 2344 570 2396 locos
590 2345 618 2397 in
639 2345 690 2398 hac
704 2344 825 2397 editione
843 2352 974 2396 annotata
993 2343 1124 2412 leguntur
1143 2345 1195 2414 (ef.
1214 2342 1366 2413 potissima

246 2436 315 2487 nott.
329 2429 364 2482 ad
379 2428 462 2500 vllt,
477 2430 541 2497 94),
562 2429 614 2483 iam
628 2430 681 2483 alio
697 2428 795 2496 loco*)
818 2428 902 2481 libere
917 2430 1063 2500 professus
1081 2445 1141 2481 sum
1156 2425 1323 2497 argumentis
1337 2422 1366 2475 sl·

245 2513 323 2583 latis,
338 2514 384 2567 ubi
400 2514 521 2568 disserui
536 2515 570 2567 de
586 2517 655 2569 libro
671 2512 899 2583 Lahmeyeri*‘),
923 2515 971 2584 qui
987 2514 1030 2567 vir
1044 2514 1143 2567 doctus
1159 2512 1196 2567 de
1214 2513 1366 2582 singulorum

245 2600 385 2653 criminum
399 2617 416 2651 a
430 2599 578 2654 Plutarcho
600 2600 742 2655 allatorum
762 2601 790 2653 vi
810 2607 838 2652 et
855 2600 1019 2652 auctoritate
1035 2599 1157 2652 examine
1177 2597 1366 2652 accuratissimo

245 2684 373 2738 instituto
382 2682 441 2755 ***)
468 2685 568 2756 optime
595 2686 691 2754 evicit,
720 2684 948 2751 malevolentiam,
976 2684 1056 2737 cuius
1076 2684 1249 2737 Herodotum
1276 2682 1367 2735 incusat

246 2770 329 2822 libelli
343 2779 455 2836 auctor,
477 2780 709 2825 commonstretam
730 2773 817 2824 abeo
838 2769 946 2822 idoneis
966 2771 1136 2838 argumentis
1159 2786 1294 2842 nusquam
1307 2782 1366 2826 esse,

161 2906 164 2911 .
246 2872 331 2924 quare
349 2855 422 2924 quod
437 2854 471 2907 ad
486 2856 575 2926 ipsum
590 2856 734 2927 scriptoris
748 2856 892 2909 consilium
910 2862 1032 2925 spectat,
1047 2854 1135 2907 totius
1150 2855 1250 2926 scripti
1264 2850 1366 2906 auctori·

245 2948 327 2993 tatem
342 2957 459 3010 prorsus
474 2958 618 3011 corruere,
635 2943 702 2996 adeo
718 2949 749 2995 ut
762 2960 778 2995 a
792 2939 969 3008 malignitatis
985 2940 1095 2992 crimine
1114 2956 1193 2993 nemo
1211 2939 1366 3011 puriorem

245 3025 336 3093 possit
349 3042 429 3094 quam
445 3034 524 3095 pater
535 3027 666 3081 historiae
677 3026 722 3101 †):
744 3033 860 3079 attamen
873 3024 997 3079 idoneam
1009 3042 1118 3078 causam
1130 3025 1202 3078 idem
1214 3043 1275 3078 esse
1289 3026 1366 3089 agal,

245 3126 296 3161 cur
319 3111 373 3161 iste
395 3109 503 3165 libellus
525 3111 698 3165 abiudicetur
717 3112 880 3179 Plutarcho,
907 3111 955 3180 qui
977 3111 1083 3181 patriae
1105 3127 1198 3163 amore
1221 3112 1367 3164 obcoecatus

245 3194 364 3265 aliisque
377 3197 554 3266 praepeditus
570 3198 748 3268 opinionibus
763 3198 790 3250 iu
809 3196 955 3249 scribendo
968 3203 1011 3249 tot
1023 3201 1172 3266 tantosque
1187 3212 1297 3249 errores
1310 3206 1367 3243 com·

245 3279 351 3334 mittere
372 3287 455 3353 atque
480 3282 506 3335 in
533 3283 664 3337 historiae
687 3293 789 3354 patrem
813 3288 866 3335 mm
886 3281 990 3335 iniusta
1010 3280 1103 3333 invehi
1122 3281 1256 3350 potuerit.
1298 3273 1366 3340 Quot

245 3365 308 3417 mibi
327 3366 535 3438 haudquaquam
553 3370 694 3439 persuasit
709 3370 752 3421 vir
772 3369 886 3421 doctus:
917 3384 968 3420 nec
990 3366 1076 3435 magis
1096 3366 1158 3418 milri
1181 3364 1367 3435 persuaserunt

245 3450 368 3520 alii††),
384 3453 431 3523 qui
449 3472 464 3507 e
483 3454 550 3506 malo
566 3453 690 3524 adeoque
704 3471 836 3524 perverso
857 3452 962 3522 patriae
976 3470 1083 3519 amore,
1106 3469 1162 3522 quo
1179 3458 1278 3521 ceptus
1297 3444 1367 3500 tuerit

245 3535 427 3603 Plutarchus,
443 3556 474 3591 ea
489 3540 615 3593 derivare
629 3540 792 3607 voluerunt,
808 3555 879 3610 quae
894 3538 957 3590 mibi
970 3538 1078 3608 quidem
1096 3543 1173 3589 tauto
1188 3536 1250 3591 viro
1265 3544 1365 3605 prorsus

246 3662 447 3672 ·———-——..-—-

312 3722 340 3787 *J
358 3723 472 3773 Jahrbb.
487 3723 505 3773 f.
519 3721 652 3787 Philolog.
665 3722 725 3773 Vol.
738 3722 810 3772 LIV.
821 3738 848 3787 p.
865 3720 913 3772 120
923 3738 999 3786 seqq.

312 3788 354 3855 *ij
372 3793 414 3841 De
431 3791 519 3841 libelli
536 3791 696 3842 Plutarchei
719 3793 763 3855 qui
779 3791 813 3839 dc
832 3791 1006 3856 malignitate
1024 3788 1159 3839 Herodoti
1176 3786 1330 3838 inscribitur
1343 3784 1365 3827 tl

246 3860 412 3909 auctoritate
426 3866 455 3909 ot
466 3864 577 3909 auctore
590 3860 702 3926 scripsit
715 3860 839 3910 Gustuuus
850 3860 1004 3924 Lahmeyer.
1024 3857 1173 3922 Gottingae
1189 3854 1261 3906 1848„
1277 3854 1300 3902 i.

312 3923 368 3992 m)
386 3927 448 3977 Vid.
462 3927 479 3976 l.
493 3927 509 3976 l.
524 3943 586 3993 pag.
600 3925 708 3977 :tt-78.

313 3993 345 4060 †)
364 3995 425 4046 Vid.
438 3995 504 4044 ibid.
518 4011 581 4061 pag.
594 3994 627 4043 78
639 4011 697 4060 seq.

312 4062 364 4128 ††)
376 4063 466 4113 Unum
476 4062 560 4112 affero
570 4062 793 4124 Kaltwasserum,
806 4063 851 4128 qui
860 4062 933 4114 huuc
942 4059 1073 4123 libellum,
1088 4063 1162 4111 iuter
1170 4055 1308 4110 Plutarchi
1317 4052 1363 4101 ilo·

245 4132 317 4182 ralia
326 4133 373 4196 qui
382 4132 501 4181 insertus
513 4146 584 4181 nuuc
594 4131 701 4196 iegitur,
716 4133 744 4181 iu
756 4137 876 4182 nostrum
889 4146 1039 4181 sermonem
1054 4134 1217 4180 convertens
1228 4125 1305 4175 initio
1315 4132 1362 4169 rer·

244 4200 331 4250 sionis
342 4215 410 4249 suae
423 4199 493 4249 hoec
507 4200 653 4264 mtsoripsit
661 4199 829 4263 (Plutarch's
841 4198 1004 4249 moralischc
1014 4197 1160 4247 Abhaudll.
1173 4196 1308 4246 libersetst
1319 4192 1361 4237 ete·

247 4269 305 4319 Vol.
319 4269 365 4318 VI.
379 4284 404 4333 p.
417 4265 493 4327 didi:
513 4268 795 4329 „Ilubeloerstundener
807 4269 983 4318 Patriotismur
999 4282 1054 4316 war
1071 4282 1112 4328 es,
1128 4280 1181 4317 sous
1198 4265 1246 4313 dea
1261 4262 1327 4311 souti
1338 4268 1361 4302 ⁸⁰

245 4337 444 4387 einsiclrtsoollen
456 4337 508 4386 und
518 4336 662 4402 oerntnstip
674 4336 822 4388 denkenden
835 4335 957 4386 Plutarch
968 4334 1086 4400 besoopen
1098 4335 1155 4398 tat,
1172 4333 1241 4383 atera
1253 4320 1362 4379 limittit

247 4404 415 4469 Altundlanp
424 4420 505 4471 pepon
517 4406 637 4456 Ilerodot
648 4421 679 4454 zu
690 4405 851 4457 schreiben.“
