2866 5134
208 408 269 470 486
617 396 935 460 COMMENTATIO

209 575 300 647 quiin
317 580 394 626 tants
410 590 501 626 rerum
520 570 713 625 uicissitudine
735 577 763 622 et
782 577 824 622 tot
838 570 1012 640 corruptelae
1025 568 1216 624 occasionibus
1232 586 1338 627 unam

211 680 263 731 ope
285 659 445 713 schedarum
468 658 545 712 refici
562 657 666 726 possit,
690 655 740 708 aed
760 655 873 710 aliorum
890 656 1044 726 patrocinio
1066 662 1150 727 atque
1165 654 1258 708 auxilii
1277 673 1336 708 ooa-

209 762 293 799 cursu
316 744 471 813 indigere.“
515 743 556 795 De
577 743 639 811 ipso
660 740 769 807 codice,
791 742 838 809 qui
863 741 991 806 signatur
1007 742 1142 796 Mediccera
1160 742 1260 812 primus
1275 742 1337 796 uer.

209 830 293 885 LXX
310 832 368 886 cod.
393 832 435 883 m
454 829 520 880 haec
540 827 656 896 scripsit
677 824 795 878 Bandini
819 825 847 878 in
870 825 996 894 Catalog.
1015 826 1104 879 Codd.
1126 825 1191 878 bibi.
1212 825 1338 878 Laurent

208 917 286 969 Tum.
306 915 342 967 ΙΙ.
360 932 423 985 pag.
438 917 505 968 6572
536 912 642 980 „codex
660 911 881 964 membranaceus
897 910 953 971 his,
973 910 1000 963 in
1019 911 1066 967 foi.
1085 911 1183 964 minori
1205 910 1305 963 saeculi
1318 910 1353 977 x,

209 1001 308 1071 optime
324 1007 453 1052 serratus
469 1015 529 1051 cum
544 996 647 1049 notulis
661 995 824 1067 quibusdum
841 996 870 1048 in
890 995 1027 1064 margine,
1050 1012 1100 1049 seu
1117 994 1269 1049 summariis
1283 995 1339 1047 aba·

208 1092 314 1149 rectem
329 1085 426 1137 minori
440 1083 489 1136 sed
505 1082 654 1153 quadrato,
674 1079 813 1150 nullisque
827 1081 987 1134 accentibus
1002 1098 1035 1133 ac
1049 1080 1195 1151 spiritibus
1210 1080 1339 1135 instructo
1416 1148 1417 1159 ,

208 1170 344 1239 exaratis,
367 1169 440 1222 tituli
457 1185 524 1221 vero
539 1167 670 1219 librorum
686 1164 839 1218 uncialibus
854 1165 943 1219 literis
958 1165 1108 1236 aureisque
1122 1170 1190 1219 sunt
1203 1165 1339 1236 descripti.

208 1254 404 1308 correctiones
429 1252 561 1324 quuedum
581 1268 677 1304 manus
701 1249 784 1302 multo
806 1250 970 1305 recentioris
993 1256 1143 1304 occurrunt
1156 1251 1186 1302 in
1202 1250 1340 1321 principio,

209 1357 280 1411 quac
302 1338 402 1391 deinde
423 1338 451 1390 in
472 1353 624 1407 progressu
648 1337 719 1388 fiunt
740 1336 870 1389 rariores.
913 1335 1033 1388 Constat
1055 1335 1130 1387 foliis
1154 1334 1266 1405 scriptis
1285 1338 1340 1391 tu.

209 1425 342 1477 Continet
358 1425 400 1475 hic
415 1422 622 1477 vetustissimus
640 1420 725 1472 codex
741 1426 769 1472 et
783 1421 855 1473 omui
869 1420 951 1473 laude
967 1420 1051 1474 maior
1061 1419 1246 1473 Historiarum
1260 1421 1341 1473 Hero-

208 1507 265 1562 doti
279 1509 364 1561 libroe
379 1506 418 1560 lx
433 1506 545 1560 totidem
561 1505 703 1559 Musarum
722 1505 875 1558 nominibus
891 1505 1071 1575 inscriptos.“
1092 1504 1153 1557 Hoc
1166 1504 1298 1558 iudicium
1312 1505 1343 1557 de

208 1593 378 1664 praestantis
393 1592 476 1644 huius
497 1590 615 1657 codicis,
640 1590 723 1642 unius
744 1597 819 1642 certe
841 1607 874 1642 ex
894 1589 1094 1659 antiquissimis
1115 1597 1144 1642 et
1157 1589 1343 1660 pulcherrimis

209 1678 350 1732 codicibus
365 1682 501 1749 quotquot
516 1676 543 1727 in
557 1674 743 1728 Mediceorum
757 1674 922 1728 bibliotheca
937 1681 1134 1742 asservantur,
1148 1674 1189 1727 ita
1203 1675 1344 1728 affirmarit

209 1780 297 1833 nuper
315 1763 413 1816 Abicht
432 1762 474 1833 (in
490 1759 623 1828 Phiioiog.
639 1758 673 1812 X.
696 1778 723 1829 p.
739 1759 820 1827 201),
843 1766 874 1812 ut
895 1759 979 1813 huius
999 1759 1102 1813 codicis
1124 1759 1270 1830 primarias
1287 1778 1343 1814 esse

208 1855 301 1918 partes
325 1849 352 1900 in
376 1846 579 1899 constituendis
593 1844 728 1897 Herodoti
748 1845 841 1897 verbis
858 1852 886 1898 et
906 1845 967 1914 ipse
988 1845 1177 1915 profiteretur.
1214 1843 1343 1898 Omnibus

209 1934 252 1986 hic
268 1932 353 1986 codex
371 1938 448 1984 caret
466 1930 608 1983 literarum
625 1930 810 1998 compendiis:
837 1930 916 2000 ipsae
931 1929 1027 1983 literae
1046 1930 1116 1982 satis
1131 1946 1247 1999 magnae
1267 1937 1295 1983 et
1310 1931 1343 1982 ita

209 2019 354 2089 perspicue
372 2022 500 2070 exaratae
517 2022 597 2083 sunt,
622 2022 653 2067 ut
673 2014 762 2067 omnia
776 2015 857 2067 facile
871 2014 926 2083 legi
940 2021 1059 2084 queant:
1086 2031 1171 2068 uuum
1187 2016 1215 2069 id
1231 2014 1342 2069 difficul-

208 2112 290 2156 tatem
306 2102 441 2173 quandam
458 2102 585 2171 praehet,
601 2100 692 2169 quod,
711 2117 771 2152 cum
787 2100 874 2153 omnis
891 2100 965 2152 absit
978 2100 1166 2169 interpunctio
1183 2117 1296 2171 unoque
1308 2108 1343 2153 te

209 2206 275 2241 nore
292 2187 381 2240 omniu
401 2186 505 2255 scriptu
521 2185 715 2251 inveniuntur,
739 2192 860 2238 extrema
875 2184 952 2237 vocis
968 2184 1084 2237 alicuius
1100 2184 1208 2253 syllaba
1224 2186 1343 2239 crebrius

208 2290 265 2325 cum
282 2272 411 2343 sequenti
428 2288 495 2324 voce
516 2270 663 2323 coniuncta
679 2268 826 2339 reperitur.
863 2270 931 2322 Inde
947 2287 963 2321 a
977 2269 1026 2338 VI,
1041 2272 1074 2324 23
1089 2270 1143 2322 alia
1157 2288 1249 2340 eaque
1263 2271 1343 2324 minor

208 2375 304 2411 manus
319 2357 430 2426 incipit,
457 2373 507 2409 nec
522 2364 611 2408 tamen
627 2353 710 2407 muita
723 2354 864 2408 diversus
879 2355 980 2425 priori:
1006 2354 1145 2408 scribendi
1159 2356 1258 2409 modus
1278 2372 1342 2409 unus

207 2443 342 2513 idemque.
385 2442 483 2510 Itaque
499 2440 574 2493 hicce
592 2440 692 2506 codex,
711 2438 777 2491 licet
791 2445 819 2491 et
832 2440 893 2511 ipse
905 2439 1009 2492 mendis
1021 2439 1093 2493 haud
1108 2446 1217 2509 careat,
1236 2441 1303 2494 adeo
1317 2446 1344 2493 ut

208 2529 302 2595 „inter
313 2545 406 2580 omnes
421 2526 500 2580 codd.
513 2525 643 2578 maiorum
656 2524 794 2594 pessimus
805 2526 864 2579 scre
879 2524 1022 2578 habendus
1037 2525 1109 2590 sit‚“
1126 2526 1343 2596 quemadmodum

150 2667 155 2680 ,
208 2613 311 2666 Struve
325 2612 381 2683 (De
398 2612 470 2665 exitu
488 2628 577 2664 verse.
594 2610 623 2662 in
639 2609 734 2662 Nonni
747 2609 881 2680 Panopoi.
898 2609 1065 2663 carminibus
1079 2627 1143 2680 pag.
1160 2612 1209 2678 17)
1226 2627 1342 2681 pronun·

207 2698 273 2765 tiat,
299 2697 344 2750 rix
365 2702 440 2749 recte
460 2696 505 2749 iiie
528 2694 637 2765 quidem
652 2712 685 2747 ex
703 2712 761 2749 mea
782 2695 935 2764 sententia,
957 2700 1046 2747 tamen
1063 2696 1182 2749 caeteris
1198 2696 1342 2760 codicibus,

208 2782 255 2852 qui
271 2782 359 2834 adhuc
374 2780 480 2833 inventi
495 2786 523 2833 et
537 2780 641 2847 cogniti
653 2786 734 2847 sunt,
750 2780 862 2833 muitum
878 2786 1002 2849 praestat
1016 2780 1167 2851 meritoque
1182 2781 1297 2852 primum
1308 2780 1342 2831 iu

208 2884 267 2920 cum
284 2867 358 2918 iuter
372 2866 481 2918 codices
495 2865 670 2938 Herodoteos
686 2866 811 2918 obtinere
825 2865 971 2919 iudicatur.

292 2950 425 3020 Sequitur
439 2949 510 3003 alter
520 2949 605 3002 codex
617 2953 787 3006 Florentinus
797 2951 869 3021 (R),
884 2950 964 3003 cuius
977 2966 1065 3016 usum,
1079 2956 1250 3021 procurante
1260 2950 1341 3004 Creu·

208 3054 289 3103 zero,
305 3038 369 3090 iiber
384 3037 456 3088 Baro
472 3039 505 3089 dc
518 3036 715 3090 Schclicrsbeim
731 3036 992 3104 Schweighaeusero
1010 3035 1162 3104 concessit,
1181 3036 1341 3089 membrana·

208 3138 273 3174 ceus
288 3120 413 3190 idemque
427 3120 647 3187 vetustissimus,
672 3126 703 3172 ut
719 3122 760 3174 vei
781 3120 920 3174 literarum
936 3120 1050 3187 ductus,
1072 3120 1229 3190 scripturae
1243 3120 1341 3185 modas,

208 3205 261 3259 alia
276 3206 344 3258 satis
360 3205 492 3261 indicant.
530 3204 655 3258 Eundem
670 3223 733 3260 esse
748 3206 880 3272 codicem,
898 3205 978 3257 cuius
995 3204 1174 3258 Montiuucon
1191 3205 1221 3258 in
1237 3204 1307 3259 Bibi.
1320 3205 1341 3257 i.

208 3310 234 3359 p.
252 3291 348 3344 4141).
372 3291 414 3343 his
437 3290 531 3343 verbis
551 3290 684 3344 meminit:
706 3291 822 3357 „Codex
839 3290 989 3359 elegansX
1009 3290 1095 3343 secuii
1111 3291 1341 3344 membranaceus:

207 3376 341 3429 Herodoti
358 3375 524 3443 historiae,“
540 3376 700 3445 suspicatur
714 3376 1010 3445 Schweighaeuserus,
1026 3375 1123 3445 quide
1140 3375 1192 3428 hoc
1203 3377 1297 3429 codice
1308 3374 1341 3425 ita

207 3460 458 3532 iudicat(Praefat,
476 3460 503 3527 1,
519 3464 545 3513 ’2.
566 3479 595 3530 p.
610 3459 752 3528 xxxvl)=
776 3462 868 3528 „Esse
889 3461 963 3513 hunc
982 3460 1101 3515 codicem
1123 3478 1155 3513 ex
1177 3461 1272 3515 eadem
1288 3476 1340 3512 cum

210 3548 281 3600 Pasa.
298 3549 358 3599 Aah.
382 3552 410 3599 et
427 3547 500 3600 Med.
517 3545 631 3610 familia,
655 3545 867 3613 electionibus,
889 3562 959 3615 quas
979 3545 1044 3599 inde
1064 3545 1247 3615 protulimus,
1268 3543 1340 3598 facile

207 3630 330 3700 adparet.
365 3631 425 3683 Nec
446 3647 512 3682 reru
533 3650 548 3682 e
568 3630 694 3683 Mediceo
718 3630 874 3702 descriptus
895 3637 953 3697 est,
979 3646 1038 3684 cum
1059 3629 1168 3702 quode
1190 3631 1339 3701 principatu

208 3715 288 3767 etiam
302 3714 412 3767 videtur
427 3715 593 3769 contendere
607 3733 707 3785 posse3
728 3716 777 3769 sed
795 3736 810 3770 e
825 3715 978 3770 uetustiore
994 3717 1072 3769 fonte
1086 3715 1231 3769 derivatus
1245 3716 1339 3787 probas

207 3800 305 3852 multas
321 3801 428 3870 profert
443 3799 592 3871 lectiones,
615 3801 662 3853 ubi
677 3807 725 3853 aut
739 3802 767 3854 iu
783 3802 850 3854 vitio
867 3803 961 3854 haeret
976 3801 1134 3869 Mediceus,
1156 3809 1205 3854 aot
1218 3802 1265 3854 uhi
1280 3796 1339 3853 nihil

208 3891 312 3938 certes
330 3884 472 3938 Gronovio
494 3885 599 3938 eMed.
615 3886 749 3954 prolatum
769 3894 826 3954 est,
849 3886 923 3957 quod
944 3886 1069 3939 eminus
1091 3886 1177 3956 proha
1198 3886 1337 3955 scriptura,

207 3986 278 4040 quae
296 3968 356 4021 olim
372 3969 484 4036 vulgatu
498 3979 570 4035 erat,
589 3970 741 4023 discedat.“

292 4053 389 4106 Tertio
409 4054 468 4106 loco
490 4056 628 4124 posuerim
642 4058 752 4111 Aekcwii
770 4076 793 4110 s.
809 4057 946 4126 Suncrosti
964 4054 1021 4127 (S.)
1037 4054 1156 4110 codicem
1176 4055 1337 4124 alterumque

207 4138 305 4191 librum
319 4140 470 4193 cardinalis
487 4141 619 4195 Possionci
633 4142 710 4212 (Rq,
727 4150 872 4212 utrumque
885 4141 938 4194 iam
954 4158 969 4193 a
983 4140 1171 4211 Wesseliugio
1186 4140 1336 4203 adhibitam,

208 4225 256 4293 qui
271 4224 305 4276 de
316 4223 460 4276 Passionei
477 4225 545 4279 libro
561 4227 602 4278 sic
617 4227 714 4279 scribit
727 4227 753 4280 in
769 4227 891 4281 Praefut.
904 4246 932 4297 p.
944 4226 1006 4279 XX:
1022 4226 1115 4293 „circa
1126 4225 1263 4281 saeculum
1274 4225 1335 4277 duo·

208 4309 338 4362 decimum
353 4309 382 4361 in
397 4310 489 4362 charta
505 4328 667 4381 pergamena
685 4313 719 4363 ab
738 4312 818 4365 docto
834 4313 926 4365 scriba
949 4320 1078 4365 exaratus
1093 4319 1151 4380 est,
1175 4306 1335 4382 praestantii

208 4393 333 4448 Mediceo
350 4394 416 4446 nihii
433 4395 550 4465 cedens,
574 4413 657 4466 saepe
674 4397 812 4467 superior.
821 4400 839 4429 “
873 4397 950 4451 Alter
968 4396 1039 4450 iiber
1051 4396 1191 4452 Guiiislni
1203 4388 1334 4449 ceneroth
