2826 5132
202 343 263 406 392
658 336 884 399 EXCURSUS

202 511 328 579 videtur,
343 510 432 567 omitia
448 509 573 563 aedilicia
586 509 614 561 in
631 527 694 564 arce
711 510 853 564 combusta
871 508 1054 580 funditusque
1069 526 1163 564 eversa
1177 528 1242 563 esse.
1269 509 1314 563 Sed

200 595 336 650 Herodoti
352 598 450 663 verba,
466 612 537 666 quae
551 594 630 648 modo
646 595 859 666 adscripsimus,
884 595 909 646 si
925 594 1073 665 sequimur,
1094 595 1207 648 dubitari
1221 595 1261 647 via
1275 612 1316 664 po

201 682 280 749 terit,
304 682 393 739 omnia
413 680 485 734 arcis
504 679 629 733 aedificia
651 699 683 734 ac
702 680 850 752 praecipue
868 680 967 749 templa
988 680 1114 733 aPersis
1128 681 1233 733 incensa
1246 686 1316 749 atque

200 782 300 819 eversa
320 783 400 834 esse3
421 773 453 819 ut
478 765 574 817 merito
595 782 729 836 quaeras,
755 766 866 836 quinam
885 761 953 834 νηὸς
970 765 1117 818 Erechthei
1137 764 1181 818 illo
1200 764 1316 817 Herodoti

200 851 270 918 loco,
289 869 322 904 ex
337 868 392 922 quo
407 850 523 922 profecti
537 866 642 918 sumus,
657 850 774 920 intelligi
789 849 896 920 debeat,
908 867 969 905 cum
983 850 1141 904 Herodotus
1159 850 1192 904 de
1205 848 1250 901 hac
1262 848 1317 901 aede

199 935 238 989 ita
259 935 390 1007 loquatur
411 932 498 1007 (ἔστι
517 965 553 976 -
571 929 668 1004 νηὸς),
692 942 723 988 nt
744 952 795 989 sua
816 935 907 1005 ipsius
921 942 1012 988 aetate
1026 952 1084 988 eam
1100 935 1234 989 exstitisse
1251 935 1317 986 uobis

199 1022 424 1091 persuadeamus.
452 1020 517 1085 Qua
535 1020 562 1072 in
578 1038 609 1073 re
625 1020 766 1091 probabile
779 1021 860 1074 nobis
876 1019 995 1088 ridetur,
1014 1028 1130 1074 veterem
1141 1017 1317 1074 aedemaPer·
1399 1034 1400 1037 ¹

200 1106 240 1159 sis
256 1106 383 1173 dirutam,
400 1112 498 1176 postea
512 1104 604 1177 aliquo
619 1113 694 1160 certe
707 1106 784 1160 modo
793 1107 922 1159 retectam
936 1113 985 1158 aut
999 1105 1090 1159 denuo
1102 1110 1257 1159 exstructam
1268 1121 1319 1157 esse

199 1190 299 1260 exiguo
317 1195 449 1262 apparatu
467 1191 694 1262 sumptibusque,
723 1209 782 1245 cum
805 1191 849 1243 vix
877 1190 1042 1244 credendum
1070 1191 1122 1257 sit,
1148 1191 1318 1255 Athenienses,

199 1292 259 1329 curu
273 1275 376 1328 Persae
393 1274 498 1345 repulsi
516 1282 625 1344 essent,
642 1277 715 1329 hunc
727 1277 828 1344 locum,
850 1276 898 1346 qui
915 1276 1003 1331 totius
1018 1277 1078 1330 fere
1092 1275 1211 1329 civitatis
1224 1274 1320 1345 primor-

200 1360 244 1413 dia
258 1360 418 1417 continebat
431 1360 548 1433 eiusque
568 1363 756 1415 sanctuarium
770 1360 852 1431 quasi
866 1361 1066 1427 constituebat,
1090 1361 1225 1414 desertum
1244 1368 1319 1411 rasu-

199 1453 311 1515 tumque
326 1445 483 1517 reliquisse.
513 1445 611 1516 Itaque
635 1446 664 1499 in
682 1447 785 1500 veteris
803 1446 949 1499 Erechthei
965 1445 1024 1500 loco
1040 1444 1188 1500 aediculam
1205 1444 1321 1517 quandam
1399 1504 1400 1511 ἵ

199 1530 316 1600 ligneam
331 1531 375 1584 vel
397 1530 472 1600 ligno
498 1537 598 1585 tectam
612 1534 659 1603 (ut
674 1531 745 1585 dixit
759 1530 875 1584 Miller:
891 1532 933 1584 Dc
951 1531 1078 1585 Minerva
1100 1530 1212 1584 Poliade
1225 1547 1282 1600 pag.
1297 1529 1322 1580 lt
1399 1524 1400 1529 ’

199 1614 261 1668 coll.
273 1615 360 1669 Rosio
372 1615 514 1688 Inscriptt
530 1632 593 1685 pag.
612 1617 674 1685 149)
689 1616 732 1670 vel
748 1615 827 1669 etiam
838 1615 981 1687 lapideam,
998 1617 1047 1670 sed
1061 1617 1152 1671 minus
1163 1614 1323 1687 splendidam,
1399 1640 1400 1647 ι

199 1718 271 1771 quae
293 1701 329 1754 ad
346 1719 425 1754 sacre
446 1702 588 1755 sufficeret
610 1701 769 1772 veterisque
792 1700 936 1769 religionis
951 1702 1103 1756 memoriam
1125 1706 1258 1767 servum,
1274 1717 1322 1752 ere

200 1793 269 1839 ctam
284 1803 348 1839 esse
361 1802 475 1856 eamque
491 1787 577 1858 ipsam
593 1786 644 1839 hoc
658 1786 819 1840 Herodotus
833 1784 894 1839 loco
912 1787 1066 1855 significari
1081 1786 1206 1854 credam,
1225 1785 1265 1838 rel
1285 1783 1323 1835 sd·

199 1878 329 1924 versante
350 1871 489 1925 Boeckhio
507 1871 607 1942 (Corp.
629 1871 772 1941 Inscriptt.
804 1872 905 1925 Graec.
923 1871 946 1924 l.
964 1889 1029 1943 pag.
1052 1873 1128 1939 264),
1151 1872 1199 1943 qui
1219 1888 1271 1924 uon
1297 1869 1324 1921 de

198 1955 323 2009 aedicula
343 1954 435 2025 lignea
457 1956 548 2010 denuo
573 1962 715 2010 exstructa
730 1957 773 2009 hic
787 1955 904 2023 cogitari
920 1956 994 2025 vult,
1017 1956 1067 2012 sed
1090 1957 1126 2010 de
1147 1957 1210 2027 ipsa
1230 1961 1324 2008 vetusta
1401 1950 1402 1973 ¹

199 2040 267 2094 aeds
286 2040 433 2095 semirutas
453 2042 487 2094 de
508 2058 564 2111 qua
577 2040 602 2093 si
619 2041 723 2095 Noster
739 2041 904 2110 cogitasset,
923 2041 967 2094 vix
983 2042 1081 2113 opinor
1098 2042 1221 2096 scribere
1235 2039 1322 2111 potuis

200 2134 244 2178 set
258 2122 331 2180 ἔστι
348 2155 388 2166 -·
402 2119 485 2195 νηὸς,
507 2126 582 2196 quod
601 2143 659 2178 meo
681 2126 790 2197 quidem
811 2125 913 2179 iudicio
932 2126 967 2180 de
987 2127 1054 2182 aede
1076 2127 1209 2181 semiruta
1224 2124 1274 2178 dici
1291 2123 1324 2175 rii

199 2210 312 2280 poterit.
342 2210 423 2267 lmmo
449 2210 542 2263 statim
557 2220 622 2280 post
644 2210 747 2264 Persas
773 2228 919 2279 regressos
943 2212 1035 2265 aedem
1061 2213 1132 2265 hanc
1151 2212 1242 2283 aliquo
1264 2216 1325 2261 certe

199 2296 277 2349 modo
295 2297 423 2350 reiectam
436 2314 499 2349 esse
513 2295 668 2362 credimus,
689 2313 770 2366 quam
784 2296 890 2350 Noster
908 2297 969 2350 suis
983 2297 1073 2368 ipsius
1089 2297 1178 2351 oculis
1196 2296 1263 2350 haud
1279 2293 1325 2346 scis

199 2397 234 2434 an
257 2380 359 2434 viderit
382 2381 426 2435 vel
448 2388 593 2452 antequam
609 2380 732 2434 Thurios
749 2381 839 2434 abiret
859 2382 975 2435 Athenis
999 2381 1033 2449 (i.
1054 2400 1079 2435 e.
1096 2390 1164 2438 ante
1179 2398 1274 2435 annum
1284 2380 1327 2432 444

199 2474 264 2518 ants
283 2466 349 2519 Chr.
373 2468 415 2534 ιι.)
437 2465 480 2519 vel
494 2474 606 2536 postea,
629 2483 688 2519 cum
709 2465 824 2520 Thuriis
847 2466 969 2519 Athenas
990 2468 1134 2538 profectus
1155 2467 1327 2538 Propyluear

199 2551 306 2605 Pericle
331 2559 474 2605 exstructa
498 2553 656 2622 (ror-431
671 2558 735 2604 ante
750 2552 816 2604 Chr.
833 2550 876 2617 n.)
902 2553 1088 2624 conspiceret,
1117 2554 1153 2607 de
1169 2569 1223 2624 qua
1241 2566 1326 2605 remu·
1402 2596 1403 2609 .

200 2635 310 2690 unimus
326 2635 361 2689 ad
375 2635 408 2707 V,
422 2640 466 2691 76.
482 2640 537 2702 77.;
557 2654 609 2689 nec
630 2635 742 2689 multum
762 2635 827 2689 inde
849 2634 1010 2706 discedunt,
1032 2655 1104 2708 quae
1123 2638 1222 2708 posuit
1242 2634 1327 2690 Miller

200 2721 217 2773 l.
235 2720 264 2787 l.,
280 2721 328 2792 qui
343 2722 377 2774 ab
388 2720 531 2774 Herodoto
547 2720 612 2774 haec
626 2722 688 2791 ipsa
702 2722 807 2792 scriptu
821 2739 885 2776 esse
907 2730 988 2793 putat
1001 2724 1054 2776 sub
1072 2723 1186 2777 tertium
1201 2724 1257 2776 lere
1274 2717 1327 2775 helii

197 2805 426 2875 Peloponnesiaci
441 2821 551 2872 annum,
567 2806 587 2858 i.
604 2825 630 2863 e.
646 2808 731 2860 terme
746 2824 818 2860 anno
832 2809 884 2862 429
899 2813 964 2861 aute
981 2806 1047 2860 Chr.
1064 2826 1091 2860 n.
1121 2807 1222 2861 Serius
1238 2807 1326 2860 demum
1402 2816 1403 2851 i

198 2889 391 2955 Athenienses,
409 2890 456 2960 qui
472 2890 608 2943 maximam
625 2909 716 2945 curam
732 2891 917 2945 adhibuerunt
930 2911 980 2945 nec
995 2892 1058 2945 ollis
1074 2895 1230 2963 sumptibus
1245 2907 1327 2963 peper-
1402 2906 1403 2943 ῖ

197 2980 311 3040 cerunt,
328 2982 359 3026 ut
376 2976 487 3028 deorum
507 2975 608 3043 templa
624 2992 641 3029 a
655 2976 750 3030 Persis
772 2975 865 3029 diruta
888 2979 1080 3043 restituerent,
1105 2978 1139 3031 ad
1164 2978 1328 3032 Erechtheum

199 3058 411 3129 splendidiorem
429 3059 457 3111 in
477 3059 582 3113 modum
605 3062 802 3115 exstruendum
824 3062 979 3115 accessisse
995 3062 1138 3129 videntur,
1165 3082 1225 3117 com
1241 3062 1328 3115 dudan

199 3143 271 3197 arcis
287 3143 421 3214 urbisque
437 3144 615 3213 munimenta,
635 3145 719 3214 longa
734 3146 854 3211 moenia,
869 3146 1038 3217 Propylaea,
1055 3147 1271 3218 Parthenonem,
1285 3144 1328 3198 alis

198 3229 298 3299 templa
319 3229 440 3284 maximis
463 3229 620 3299 sumptibus
637 3232 859 3285 exstruxissentz
880 3240 964 3302 etque
980 3233 1030 3285 hac
1045 3234 1106 3303 ipsa
1118 3252 1147 3286 re
1165 3233 1205 3288 illi
1221 3227 1327 3303 impediti

198 3315 289 3368 fuisse
304 3315 443 3382 videntur,
458 3332 514 3385 quo
530 3314 667 3369 minusad
683 3316 866 3370 Erechtheum
882 3317 1054 3387 splendidius
1070 3320 1267 3373 exstruendum
1280 3314 1327 3367 sni·

198 3417 269 3453 mum
289 3400 474 3457 attenderent.
504 3400 614 3454 Etenim
629 3401 720 3455 serium
736 3401 842 3456 demum
865 3411 948 3472 atque
970 3402 1042 3455 haud
1062 3403 1120 3456 scio
1135 3421 1172 3457 an
1194 3404 1264 3475 ipsis
1276 3397 1328 3454 belli

198 3485 426 3555 Peloponnesiaci
441 3486 610 3557 temporibus
627 3487 677 3539 hoc
689 3486 817 3558 templum
833 3486 1007 3559 splendidius
1024 3488 1129 3541 exstrui
1146 3496 1270 3559 coeptum
1284 3494 1328 3549 est,

199 3570 283 3640 idque
301 3569 465 3639 intelligitur
478 3591 494 3624 e
508 3570 684 3624 celeberrima
697 3572 888 3642 inscriptione,
900 3589 981 3644 quarn
997 3573 1184 3627 exhibuerunt
1193 3574 1267 3627 Rose
1282 3568 1327 3623 1.1.

199 3672 263 3724 pag.
276 3657 326 3709 179
336 3673 406 3726 seq,
422 3655 514 3709 Leuke
529 3656 547 3708 l.
563 3656 580 3709 l.
597 3673 659 3726 pag.
672 3660 723 3712 439
735 3674 823 3727 seqq,
842 3657 963 3711 Boeckh.
980 3658 997 3710 l.
1011 3658 1045 3725 l.;
1062 3658 1135 3712 unde
1151 3659 1284 3724 docemur,
1299 3672 1327 3706 oe

199 3746 298 3811 quarto
320 3738 427 3809 quidem
447 3758 520 3793 anno
541 3740 712 3811 Olympiadis
727 3742 803 3795 XCII
824 3743 858 3814 (i.
881 3762 905 3796 e.
923 3761 994 3796 anno
1009 3747 1061 3798 409
1075 3750 1140 3797 aute
1156 3744 1221 3799 Chr.
1239 3748 1278 3808 ιι.)
1290 3756 1326 3791 ar·

199 3824 298 3877 chonte
314 3822 409 3877 Diocle
431 3842 529 3878 novum
548 3826 599 3878 hoc
612 3826 794 3880 Erechtheum
815 3827 968 3881 ahsolutum
991 3828 1091 3883 luisse.
1119 3829 1233 3883 Accedit
1252 3827 1326 3879 altera

199 3907 343 3979 inscriptio
367 3924 455 3980 nuper
476 3918 586 3979 reperta
601 3912 662 3982 (rid
688 3912 834 3981 Raugaber
850 3912 962 3984 Antiqq.
978 3914 1086 3967 Hellen.
1109 3913 1132 3966 1.
1149 3933 1177 3985 p.
1193 3918 1237 3968 45.
1251 3915 1290 3965 85.
1304 3914 1326 3960 el

199 3992 333 4062 Stephani
357 3993 402 4045 ine
429 3993 527 4047 Annali
553 3994 596 4047 dcl
621 3995 709 4052 instit.
732 3998 887 4066 archeolog.
909 3998 973 4050 anni
990 4001 1067 4052 1845.
1093 3998 1154 4054 Vol.
1168 3998 1227 4052 XV.
1244 4017 1268 4067 p.
1283 3994 1326 4047 idi

200 4077 302 4149 seqq),
319 4094 390 4147 quae
407 4078 511 4132 indicat
525 4079 570 4132 vel
586 4079 756 4152 Olympiadis
772 4083 866 4135 xcm
880 4099 954 4136 anno
970 4083 1092 4138 secundo
1112 4084 1146 4156 (i.
1167 4102 1191 4140 e.
1207 4085 1257 4137 407
1271 4085 1325 4133 aute

201 4278 373 4342 expressions
391 4276 569 4341 exagere'ea.“
593 4280 726 4345 Equidem
744 4281 846 4332 nullam
860 4283 941 4333 video
961 4297 1085 4339 causam,
1111 4298 1159 4333 cur
1169 4279 1324 4332 Herodotum

201 4346 250 4396 lias
264 4346 446 4397 resonatione
460 4363 645 4413 exaggerasse
658 4348 819 4399 existimem.
