2952 5156
234 392 296 451 144
669 381 935 479 HERODOTI

234 559 344 646 στᾶσι,
368 553 450 626 κατὰ
468 551 650 646 ἡμερησίην
673 550 755 624 ὁδδν
773 552 915 641 ἑκάστην
936 558 1036 635 ἵππος
1054 581 1090 623 τε
1107 557 1165 624 καλ
1180 551 1266 646 ἀνὴρ
1283 583 1372 626 τετα-

233 663 370 748 γμένος,
393 653 471 737 rotie
489 654 566 726 οὔτε
583 653 733 745 νιφετὸς,
769 651 832 725 οὐκ
848 652 990 745 ὄμβρος,
1025 652 1066 725 οὐ
1084 659 1212 746 καῦμα,
1247 653 1288 726 οὐ
1311 654 1373 740 udi

234 766 324 850 ἔργει
346 757 391 850 μὴ
413 755 455 829 οὐ
478 756 660 828 κατανύσαι
683 754 742 827 τδν
766 765 984 846 προκείμενον
1015 759 1130 850 ἕωντῳ
1165 755 1289 847 δρόμον
1312 755 1373 845 τὴν

234 870 398 951 ταχίστην.
422 856 440 929 ὁ
457 861 519 949 μὲν
538 856 579 947 δὴ
597 862 725 949 πρῶτος
745 856 882 948 δραμών
899 865 1082 950 παραδιδοῖ
1097 855 1137 928 τὰ
1155 862 1372 949 ἐντεταλμένα

233 967 281 1056 τῳ
304 966 467 1056 δευτέρῳ,
502 957 520 1031 ὁ
546 962 583 1029 δὲ
607 958 760 1051 δεύτερος
783 963 831 1053 τῷ
853 968 969 1053 τρίτῳ·
1004 957 1041 1029 sd
1066 961 1102 1030 dt
1126 964 1286 1031 ἐνθεῦτεν
1309 958 1374 1049 ἤδη

234 1061 306 1134 κατ’
325 1061 427 1134 ἄλλον
445 1065 641 1153 διεξέρχεται
660 1060 928 1153 παραδιδόμενα,
947 1060 1093 1152 κατάπερ
1102 1058 1238 1151 Ἕλλησι
1255 1057 1276 1150 ἡ
1294 1072 1374 1152 λαμ-

233 1172 443 1256 παδηφορίη,
461 1162 522 1253 τὴν
539 1168 587 1257 τῳ
598 1158 768 1257 Ἡφαίστῳ
787 1166 998 1234 ἐπιτελέουσι.
1041 1166 1145 1234 Τοῦτο
1162 1161 1199 1234 τδ
1218 1162 1375 1254 δράμημα

233 1367 355 1430 proxime
366 1361 778 1429 sequentibusBehkerus,DIn·
829 1368 887 1411 eant
899 1363 1036 1417 inundata:
1054 1377 1172 1427 uanique
1186 1361 1221 1411 ad
1234 1356 1375 1427 διεξέρχε·

234 1433 304 1481 dori.
319 1438 347 1480 et
357 1432 482 1480 Dietseh.
494 1430 638 1479 ediderunt
651 1421 778 1495 ἡμερέων
829 1445 876 1478 ται
894 1446 928 1478 ex
946 1430 1178 1479 antecedentibus
1196 1430 1376 1494 repetendum

233 1487 251 1564 ἦ
263 1491 281 1565 ἡ
294 1497 373 1549 παῖσα
386 1490 468 1560 idom
488 1514 502 1547 e
515 1497 595 1547 libris
612 1498 724 1562 scriptis
736 1498 777 1546 ni·
828 1492 863 1545 τοὶ
877 1487 1076 1561 ἐντεταλμένα.
1085 1523 1113 1533 -
1127 1488 1194 1547 κατ’
1205 1488 1294 1547 ἄλλον
1309 1497 1375 1547 reli·

233 1553 271 1616 hil
285 1570 408 1617 notatum
428 1567 532 1631 reperi,
552 1566 670 1630 indeque
683 1564 779 1629 vulga-
830 1566 876 1629 qui
901 1565 1049 1627 intactum,
1075 1565 1146 1630 qnod
1169 1564 1204 1614 ab
1222 1565 1376 1645 thpelero

233 1642 289 1684 tam
302 1635 414 1683 retinui.
829 1638 927 1697 sponte
940 1639 1073 1681 mutatum
1085 1638 1146 1682 erat
1158 1634 1186 1682 in
1195 1648 1248 1682 κατ
1270 1633 1375 1683 αλλων.

269 1699 356 1760 ἵππος
376 1716 406 1752 rs
428 1697 478 1751 καλ
501 1690 577 1766 α’νὴρ
594 1693 776 1765 τεταγμένος]
828 1699 918 1765 Vulgo
941 1692 1018 1750 κατὰ
1042 1689 1137 1750 ἄλλον.
1185 1701 1227 1750 sd
1250 1701 1376 1751 dativum

232 1771 335 1820 Addita
346 1769 416 1819 haec
426 1773 489 1818 sunt
499 1769 533 1818 ad
544 1767 709 1833 explicanda
718 1784 778 1818 ver·
821 1755 937 1846 Ἕλλησι
954 1768 1028 1818 conf.
1045 1768 1144 1818 Matth.
1158 1768 1203 1817 Gr.
1218 1767 1265 1817 Gr.
1278 1770 1303 1829 ξ.
1317 1767 1376 1819 387.

232 1839 268 1887 ba
283 1838 492 1888 antecedentia:
518 1834 602 1886 ἵπποι
618 1850 648 1885 τε
665 1831 714 1885 καὶ
726 1825 778 1885 ἄν·
829 1835 870 1884 Ad
886 1851 904 1902 η
922 1832 1149 1902 λαμπαδηφορίη
1172 1840 1265 1901 potest
1281 1842 1376 1885 mente

234 1904 300 1970 δρες
313 1902 439 1955 διεστᾶσι
458 1905 487 1966 (1.
502 1904 529 1953 ο.
539 1908 580 1953 tot
598 1904 661 1967 equi
680 1908 707 1952 et
724 1904 778 1952 vtri
829 1903 895 1982 addi
907 1920 940 1953 ex
954 1904 1184 1953 antecedentibus
1197 1898 1376 1968 διεξέρχεται

233 1979 309 2023 stant
320 1974 445 2037 separati
463 1987 479 2020 a
495 1986 524 2020 se
539 1972 670 2032 invicem,
690 1971 778 2019 diver·
829 1986 882 2020 αατ
912 1964 1000 2021 ἄλλον
1018 1965 1248 2036 παραδιδομένη.
1284 1971 1378 2021 Faces

233 2042 271 2090 sis
290 2039 369 2101 locis)
389 2039 506 2102 indeque
526 2052 585 2087 cum
598 2053 680 2087 uuum
694 2037 777 2086 idem-
830 2039 858 2087 in
874 2038 1052 2089 sollemnibus
1076 2039 1186 2089 deorum
1205 2039 1377 2104 quorundam

233 2122 284 2171 que
303 2108 339 2156 sit
356 2106 523 2165 subiectum,
543 2105 638 2155 eodem
655 2106 778 2153 uomina·
829 2121 910 2156 cursu
933 2108 1038 2171 gestari
1064 2107 1162 2156 solitas
1190 2122 1207 2156 a
1228 2107 1378 2157 iuvenibus

233 2175 285 2224 tivi
298 2189 364 2223 casu
376 2173 564 2238 proferentum
577 2172 611 2221 de
624 2187 678 2237 qua
690 2173 775 2237 parti-
827 2188 920 2223 seeum
933 2176 974 2223 ita
986 2174 1165 2235 certantibus,
1179 2182 1208 2224 nt
1220 2189 1275 2224 non
1286 2173 1378 2224 solum

233 2243 367 2307 cipiorum
390 2242 419 2289 in
441 2241 611 2290 nominativo
628 2240 777 2304 positorum

232 2314 371 2358 structura
384 2308 457 2358 coni.
469 2313 539 2357 nott.
552 2308 586 2356 ad
596 2308 670 2368 VIlI,
680 2306 723 2356 83.
733 2305 776 2358 86.

232 2378 278 2426 lta
290 2377 370 2437 enim,
384 2376 453 2425 haec
467 2380 509 2425 est
519 2376 613 2425 Nostri
625 2376 775 2436 sententia,

233 2451 296 2493 suut
307 2444 449 2509 dispositi,
467 2450 499 2492 ut
516 2444 544 2492 iu
561 2458 667 2508 quoque
681 2443 777 2492 diurno

233 2514 332 2562 itinere
345 2527 414 2562 anus
427 2527 511 2576 equus
524 2526 558 2560 ae
568 2512 611 2561 vir
624 2510 777 2561 collocatus

233 2582 278 2631 sit.
303 2581 365 2630 Mox
378 2580 487 2630 restitui
499 2567 579 2629 οὔτε
592 2572 716 2643 νιφετὸς,
729 2578 777 2627 ubi

233 2647 401 2697 Schaeierus
413 2648 527 2698 dederat
543 2637 615 2696 οὔτι.
651 2647 776 2695 Particu-

232 2715 275 2766 las
298 2717 446 2781 negativas
468 2715 509 2764 eie
534 2715 643 2763 iunctas
665 2706 731 2762 οὔτε
744 2740 776 2748 -

232 2775 285 2833 οὐκ
309 2783 404 2847 attIgit
426 2782 526 2831 Matth.
552 2783 598 2831 Gr.
618 2782 663 2831 Gr.
685 2782 708 2842 ξ.
726 2779 777 2829 009

232 2852 353 2914 itemque
367 2848 497 2899 Kuehner
505 2848 552 2897 Gr.
561 2850 606 2899 Gr.
613 2851 636 2909 5.
643 2848 700 2909 743,
713 2849 738 2906 2,
751 2864 774 2896 e.

232 2918 300 2967 Add.
314 2918 454 2979 Hartung:
474 2915 564 2965 Lehre
582 2932 608 2966 v.
624 2915 650 2966 d.
666 2915 775 2967 Griceh.

232 2986 320 3034 Parti.
334 2984 354 3032 1.
368 3000 432 3049 pag.
448 2982 509 3045 llll),
525 2984 571 3048 qui
583 2984 668 3033 etlam
679 2983 777 3032 laudat

232 3052 335 3101 Herod.
348 3052 373 3109 1,
389 3049 444 3101 138.
480 3051 522 3099 'l'u
535 3051 590 3101 vid.
603 3066 687 3116 supra
698 3050 774 3112 VIII,

232 3118 274 3172 80.
299 3119 377 3181 Quod
391 3118 533 3168 antecedit
549 3110 624 3179 rotie,
636 3120 666 3166 in
678 3110 729 3168 τὸν
741 3117 776 3166 ob

233 3202 351 3250 sequens
374 3176 468 3252 ἑαυτῷ
495 3188 628 3235 mutatum
652 3184 777 3235 voluerat

232 3255 372 3305 Reislrius.
402 3253 457 3303 Sed
470 3254 567 3304 merito
581 3255 686 3317 respuit
699 3253 776 3302 Wes-

232 3323 331 3389 seling.
366 3324 430 3372 Mox
448 3337 508 3372 cnm
525 3327 641 3371 recentt.
660 3320 720 3370 edd.
735 3336 776 3370 re-

232 3393 312 3456 posui
337 3384 426 3456 ἔρηιι,
450 3390 519 3455 quod
541 3387 682 3439 Seuerofti
705 3388 778 3437 liber

233 3475 294 3509 cum
307 3458 362 3509 alio
379 3459 449 3508 libro
468 3460 571 3523 scripto
588 3456 680 3519 offert,
704 3471 775 3518 cum,

233 3527 305 3591 quod
313 3525 589 3591 Schweighaeuserus
600 3530 628 3573 et
637 3523 776 3573 Gaisiord.

232 3610 288 3644 rina
305 3609 365 3643 cum
383 3594 444 3642 edd.
462 3598 561 3643 veterr.
580 3597 688 3653 tenent,
709 3583 777 3655 ἐέρ-

232 3677 276 3727 γει
300 3676 386 3725 acque
409 3660 591 3725 respuendum
608 3660 645 3708 sit
665 3659 776 3720 (Home-

232 3731 292 3779 rica
303 3730 374 3777 euim
385 3732 428 3778 est
441 3728 543 3787 fernim
557 3726 593 3775 es.
605 3725 647 3775 Ili.
659 3727 694 3785 11,
705 3724 775 3789 017),

233 3803 315 3861 atque
329 3792 430 3861 εἴργει,
449 3794 521 3860 quod
533 3809 602 3843 nnus
615 3792 686 3842 liber
696 3808 777 3859 prae·

233 3865 293 3914 bet:
313 3881 361 3929 pro
379 3860 464 3982 ελρῳω
482 3863 554 3912 enim
567 3861 694 3911 Nostrum
706 3876 776 3911 sem·

232 3948 282 3998 per
297 3932 400 3981 dixisse
434 3946 505 3997 ργα,
523 3928 644 3979 ostendit
658 3929 775 3978 Bredov.

232 4016 296 4067 pag.
312 3999 369 4050 153.
382 3997 441 4049 301.
477 3997 555 4061 Quod
569 3998 598 4046 in
610 4012 686 4061 seqq.
700 3997 777 4046 adhi-

234 4070 312 4116 betur
340 4066 452 4118 verbum
480 4062 643 4130 παραδιδοῖ
664 4064 775 4128 (trudit),

234 4136 330 4185 eudem
339 4136 368 4184 in
377 4151 406 4184 re
416 4133 564 4184 adhibetur
573 4148 589 4182 a
597 4131 776 4198 Xenophonte

234 4204 332 4268 Cyrop.
345 4203 420 4263 VIII,
433 4201 457 4265 0,
475 4202 514 4252 17.

267 4264 339 4321 κατὰ
352 4261 440 4321 ἄλλον
453 4264 640 4335 διεξέρχεται]
655 4270 704 4318 i.e.
716 4270 776 4319 iude

231 4355 291 4395 sero
309 4340 346 4390 αδ
359 4340 447 4399 elisua,
464 4341 505 4388 cai
519 4341 672 4400 truduntur,
693 4342 777 4391 trans-

828 2241 919 2291 sacem
936 2242 1073 2292 lucentem
1086 2246 1226 2292 currentes
1244 2241 1378 2292 adfinem

827 2309 994 2374 perferrent,
1013 2310 1062 2358 sed
1074 2311 1159 2359 etiam
1171 2309 1313 2359 lucentem
1324 2326 1377 2360 nec
1473 2320 1474 2361 ἶ

829 2378 993 2427 exstinctam
1010 2379 1137 2441 sequenti
1154 2379 1258 2426 cursori
1281 2378 1377 2428 trade-

828 2451 896 2505 rent,
911 2446 966 2493 iam
980 2446 1251 2495 commemoravimus
1263 2446 1292 2495 in
1306 2451 1377 2495 nott
1473 2468 1474 2497 ι

829 2512 863 2561 ad
877 2512 928 2575 Vl,
949 2509 1009 2574 105,
1030 2513 1178 2577 attigitque
1196 2513 1281 2562 etiam
1293 2513 1379 2579 plura

829 2580 862 2629 de
886 2580 939 2629 hoe
962 2594 1013 2629 usu
1039 2581 1165 2630 excitans
1189 2580 1220 2629 C.
1239 2580 1284 2630 Fr.
1305 2582 1379 2631 Iler·

829 2663 923 2696 mann:
944 2646 1153 2698 Gottesdienstl.
1165 2646 1332 2699 Alterthiim.
1349 2649 1376 2697 d.

829 2714 940 2763 Griech.
962 2716 986 2775 §-
1005 2713 1047 2765 30.
1066 2720 1121 2765 not.
1140 2714 1182 2765 31.
1200 2714 1233 2765 32
1252 2716 1295 2764 ed.
1317 2732 1376 2766 sec.

828 2782 943 2844 Qualem
969 2797 1076 2832 cursum
1095 2784 1123 2832 in
1140 2783 1259 2832 Vulcani
1281 2783 1377 2845 sestis,

828 2851 873 2914 qui
887 2850 954 2900 deus
972 2851 1045 2915 ignis
1057 2851 1116 2902 sive
1131 2850 1202 2900 lueis
1214 2856 1313 2900 auctor
1326 2851 1378 2901 ha·

827 2917 957 2979 bebatur,
987 2918 1102 2969 Athenis
1126 2919 1234 2967 institui
1262 2918 1378 2969 soIItum

827 2986 914 3035 inisse
926 2989 1065 3035 testantur
1076 2985 1168 3036 Schol.
1186 2986 1222 3035 ad
1233 2985 1378 3051 Aristoph.

827 3053 897 3104 Rau.
911 3051 1220 3116 testimomonium)
1232 3052 1378 3103 ceillier·

827 3125 994 3186 poetatsv.
1002 3113 1117 3185 λαμπὰς
1129 3127 1158 3169 et
1167 3121 1234 3171 Istri
1246 3121 1378 3186 fragmm.

829 3204 891 3254 pag.
898 3186 932 3238 00
941 3188 983 3238 ed.
990 3188 1101 3248 Siebel,
1112 3188 1243 3238 Crenaer:
1253 3188 1378 3252 symbol.

829 3258 879 3307 111.
888 3254 1006 3321 pag.403
1016 3255 1144 3319 collobii,
1157 3255 1303 3306 Welcker:
1315 3257 1379 3306 Tri·

829 3323 883 3389 leg.
908 3324 934 3373 d.
957 3324 1085 3387 Aeschyl.
1110 3340 1136 3389 p.
1157 3322 1214 3373 121.
1237 3327 1294 3373 not
1317 3323 1377 3374 lae.

828 3390 993 3456 wesseling.
1000 3392 1173 3443 excitaverat
1184 3390 1320 3441 Themist.
1327 3391 1377 3441 Or.

828 3459 900 3508 xlx.
919 3475 982 3525 pag.
999 3458 1087 3509 2300.
1108 3463 1136 3509 et
1152 3458 1280 3522 Aeschyl.
1300 3460 1378 3524 Aga·

828 3541 925 3576 memo.
943 3524 1001 3577 320.
1023 3528 1130 3577 Erasm.
1152 3526 1260 3593 adagg.
1277 3543 1306 3591 p.
1325 3527 1379 3578 574

829 3595 872 3644 ed.
887 3594 1017 3645 Francos.

864 3659 957 3712 Τοῦτο
980 3656 1012 3712 ιδ
1036 3657 1174 3741 δράμημα
1197 3660 1254 3712 τοῖν
1276 3659 1379 3714 ἵππιον

828 3722 961 3780 καλέουσι
986 3728 1095 3793 Πέρσαι
1118 3723 1290 3796 αγηαρήλον]
1322 3733 1379 3782 Pro

828 3792 966 3862 δράμημα
977 3796 1120 3848 Blomfield
1133 3800 1162 3847 in
1173 3798 1202 3848 h.
1212 3799 1232 3848 l.
1244 3804 1272 3848 et
1285 3799 1316 3849 iu
1325 3800 1379 3849 Aa·

828 3864 917 3929 schyli
935 3867 1010 3916 Pers.
1029 3865 1212 3917 torrosarius
1230 3866 1290 3916 vult
1310 3860 1381 3931 δρό-

828 3948 909 3999 μημα
931 3933 1079 3999 analogias
1098 3949 1192 3984 causa.
1227 3933 1281 3983 Sed
1299 3936 1379 3985 eous.

827 4001 950 4051 Lebeclr.
964 4003 998 4051 ad
1011 4002 1158 4065 Phrynich.
1172 4016 1236 4067 pag.
1246 3999 1308 4051 018.
1329 4004 1379 4052 Li·

828 4069 869 4119 bri
883 4070 979 4135 scripti
996 4085 1050 4119 non
1062 4070 1257 4134 suffragantur.
1293 4070 1380 4131 Quod

829 4138 864 4187 ad
882 4144 1071 4201 argumentum
1094 4137 1148 4188 loci
1167 4139 1280 4200 attinet,
1305 4153 1378 4188 nou·
1471 4164 1472 4167 ¹

828 4204 905 4254 nulla
917 4206 972 4255 iam
985 4220 1067 4271 supra
1084 4207 1112 4255 in
1125 4206 1193 4255 nott'
1206 4205 1240 4255 ad
1252 4205 1309 4267 111,
1328 4205 1380 4255 tte

829 4274 994 4336 monuimus,
1016 4273 1064 4323 nbi
1082 4272 1236 4323 huiusmodi
1254 4272 1379 4325 tabells·

828 4342 885 4391 rius
898 4330 1075 4407 (α’γγαρήϊος)
1086 4342 1166 4392 Darii
1180 4356 1380 4396 commemora·
1471 4338 1472 4351 ²
