<?xml version="1.0" encoding="UTF-8"?>
<!DOCTYPE html PUBLIC "-//W3C//DTD XHTML 1.0 Transitional//EN"
    "http://www.w3.org/TR/xhtml1/DTD/xhtml1-transitional.dtd">
<html xmlns="http://www.w3.org/1999/xhtml" xml:lang="en" lang="en">
 <head>
  <title>
</title>
<meta http-equiv="Content-Type" content="text/html;charset=utf-8" />
  <meta name='ocr-system' content='tesseract 3.04.00' />
  <meta name='ocr-capabilities' content='ocr_page ocr_carea ocr_par ocr_line ocrx_word'/>
</head>
<body>
  <div class='ocr_page' id='page_1' title='image "./herodotihalicar04bhgoog/herodotihalicar04bhgoog_0123.png"; bbox 0 0 2952 5156; ppageno 0'>
   <div class='ocr_carea' id='block_1_1' title="bbox 268 386 329 446">
    <p class='ocr_par' dir='ltr' id='par_1_1' title="bbox 268 386 329 446">
     <span class='ocr_line' id='line_1_1' title="bbox 268 386 329 446; baseline 0 -1"><span class='ocrx_word' id='word_1_1' title='bbox 268 386 329 446; x_wconf 86' lang='lat'>110</span> 
     </span>
    </p>
   </div>
   <div class='ocr_carea' id='block_1_2' title="bbox 702 376 970 439">
    <p class='ocr_par' dir='ltr' id='par_1_2' title="bbox 702 376 970 439">
     <span class='ocr_line' id='line_1_2' title="bbox 702 376 970 439; baseline -0.004 0"><span class='ocrx_word' id='word_1_2' title='bbox 702 376 970 439; x_wconf 85' lang='lat' dir='ltr'>HERODOTI</span> 
     </span>
    </p>
   </div>
   <div class='ocr_carea' id='block_1_3' title="bbox 266 550 1386 742">
    <p class='ocr_par' dir='ltr' id='par_1_3' title="bbox 266 550 1386 742">
     <span class='ocr_line' id='line_1_3' title="bbox 267 550 1386 640; baseline -0.005 -18"><span class='ocrx_word' id='word_1_3' title='bbox 267 555 328 622; x_wconf 80' lang='grc' dir='ltr'>τοῦ</span> <span class='ocrx_word' id='word_1_4' title='bbox 348 554 451 640; x_wconf 84' lang='grc' dir='ltr'><strong><em>με’σου</em></strong></span> <span class='ocrx_word' id='word_1_5' title='bbox 476 553 643 621; x_wconf 79' lang='grc' dir='ltr'><strong><em>ἐκατέατο</em></strong></span> <span class='ocrx_word' id='word_1_6' title='bbox 680 557 712 619; x_wconf 83' lang='grc' dir='ltr'>εί</span> <span class='ocrx_word' id='word_1_7' title='bbox 734 551 771 619; x_wconf 73' lang='lat' dir='ltr'>dt</span> <span class='ocrx_word' id='word_1_8' title='bbox 796 552 981 639; x_wconf 76' lang='grc' dir='ltr'><strong><em>ἐλευθέρως</em></strong></span> <span class='ocrx_word' id='word_1_9' title='bbox 1006 552 1110 632; x_wconf 81' lang='grc' dir='ltr'><strong><em>ἔξεστι</em></strong></span> <span class='ocrx_word' id='word_1_10' title='bbox 1134 555 1254 637; x_wconf 73' lang='grc' dir='ltr'><strong><em>εἰπεῖν,</em></strong></span> <span class='ocrx_word' id='word_1_11' title='bbox 1283 550 1316 616; x_wconf 79' lang='grc' dir='ltr'>ἐκ</span> <span class='ocrx_word' id='word_1_12' title='bbox 1335 550 1386 616; x_wconf 79' lang='grc' dir='ltr'>τοῦ</span> 
     </span>
     <span class='ocr_line' id='line_1_4' title="bbox 266 650 746 742; baseline -0.006 -19"><span class='ocrx_word' id='word_1_13' title='bbox 266 656 369 742; x_wconf 82' lang='grc' dir='ltr'><strong><em>μέσον</em></strong></span> <span class='ocrx_word' id='word_1_14' title='bbox 387 650 566 741; x_wconf 80' lang='grc' dir='ltr'><strong><em>κατήμενοι</em></strong></span> <span class='ocrx_word' id='word_1_15' title='bbox 586 651 746 741; x_wconf 77' lang='grc' dir='ltr'><strong><em>ἐμήδιζον.</em></strong></span> 
     </span>
    </p>
   </div>
   <div class='ocr_carea' id='block_1_4' title="bbox 264 883 816 4132">
    <p class='ocr_par' dir='ltr' id='par_1_4' title="bbox 264 883 816 4132">
     <span class='ocr_line' id='line_1_5' title="bbox 267 883 811 951; baseline -0.004 -15"><span class='ocrx_word' id='word_1_16' title='bbox 267 883 355 936; x_wconf 86' lang='grc' dir='ltr'><strong><em>οίκων</em></strong></span> <span class='ocrx_word' id='word_1_17' title='bbox 365 886 476 951; x_wconf 79' lang='lat' dir='ltr'>Argivis</span> <span class='ocrx_word' id='word_1_18' title='bbox 488 885 656 935; x_wconf 87' lang='lat' dir='ltr'>subditorum</span> <span class='ocrx_word' id='word_1_19' title='bbox 669 885 708 933; x_wconf 87' lang='lat' dir='ltr'>ita</span> <span class='ocrx_word' id='word_1_20' title='bbox 721 889 811 934; x_wconf 86' lang='lat' dir='ltr'>trans·</span> 
     </span>
     <span class='ocr_line' id='line_1_6' title="bbox 267 953 810 1017; baseline -0.006 -14"><span class='ocrx_word' id='word_1_21' title='bbox 267 954 339 1014; x_wconf 86' lang='lat' dir='ltr'>lato,</span> <span class='ocrx_word' id='word_1_22' title='bbox 357 958 387 1002; x_wconf 85' lang='lat' dir='ltr'>at</span> <span class='ocrx_word' id='word_1_23' title='bbox 400 957 422 1003; x_wconf 92' lang='lat' dir='ltr'>si</span> <span class='ocrx_word' id='word_1_24' title='bbox 437 969 507 1017; x_wconf 88' lang='lat' dir='ltr'>quae</span> <span class='ocrx_word' id='word_1_25' title='bbox 521 953 593 1003; x_wconf 87' lang='lat' dir='ltr'>aliae</span> <span class='ocrx_word' id='word_1_26' title='bbox 607 956 704 1017; x_wconf 80' lang='lat' dir='ltr'>gentes</span> <span class='ocrx_word' id='word_1_27' title='bbox 717 957 810 1002; x_wconf 86' lang='lat' dir='ltr'>essent</span> 
     </span>
     <span class='ocr_line' id='line_1_7' title="bbox 268 1020 810 1081; baseline -0.004 -11"><span class='ocrx_word' id='word_1_28' title='bbox 268 1023 389 1071; x_wconf 88' lang='lat' dir='ltr'>eiusdem</span> <span class='ocrx_word' id='word_1_29' title='bbox 403 1021 488 1070; x_wconf 89' lang='lat' dir='ltr'>ferme</span> <span class='ocrx_word' id='word_1_30' title='bbox 502 1020 675 1081; x_wconf 85' lang='lat' dir='ltr'>conditionis,</span> <span class='ocrx_word' id='word_1_31' title='bbox 691 1021 742 1070; x_wconf 85' lang='lat' dir='ltr'>hae</span> <span class='ocrx_word' id='word_1_32' title='bbox 756 1036 810 1069; x_wconf 90' lang='lat' dir='ltr'>om-</span> 
     </span>
     <span class='ocr_line' id='line_1_8' title="bbox 267 1088 811 1152; baseline -0.006 -14"><span class='ocrx_word' id='word_1_33' title='bbox 267 1104 316 1139; x_wconf 89' lang='lat' dir='ltr'>nes</span> <span class='ocrx_word' id='word_1_34' title='bbox 329 1088 424 1138; x_wconf 91' lang='lat' dir='ltr'>eodem</span> <span class='ocrx_word' id='word_1_35' title='bbox 437 1089 489 1138; x_wconf 91' lang='lat' dir='ltr'>hoc</span> <span class='ocrx_word' id='word_1_36' title='bbox 502 1088 609 1137; x_wconf 89' lang='lat' dir='ltr'>nomine</span> <span class='ocrx_word' id='word_1_37' title='bbox 622 1088 811 1152; x_wconf 83' lang='lat' dir='ltr'>significaren-</span> 
     </span>
     <span class='ocr_line' id='line_1_9' title="bbox 267 1147 811 1222; baseline -0.002 -17"><span class='ocrx_word' id='word_1_38' title='bbox 267 1162 323 1216; x_wconf 80' lang='lat' dir='ltr'>tur3</span> <span class='ocrx_word' id='word_1_39' title='bbox 343 1171 427 1222; x_wconf 87' lang='lat' dir='ltr'>quare</span> <span class='ocrx_word' id='word_1_40' title='bbox 444 1157 578 1205; x_wconf 81' lang='lat' dir='ltr'><strong>Herodoti</strong></span> <span class='ocrx_word' id='word_1_41' title='bbox 595 1157 691 1205; x_wconf 83' lang='lat' dir='ltr'>verba:</span> <span class='ocrx_word' id='word_1_42' title='bbox 716 1147 811 1212; x_wconf 71' lang='grc' dir='ltr'><strong><em>ἐόντες</em></strong></span> 
     </span>
     <span class='ocr_line' id='line_1_10' title="bbox 264 1215 811 1289; baseline -0.004 -16"><span class='ocrx_word' id='word_1_43' title='bbox 264 1215 413 1289; x_wconf 77' lang='grc' dir='ltr'>Ὀρνεῆται</span> <span class='ocrx_word' id='word_1_44' title='bbox 429 1220 479 1273; x_wconf 77' lang='grc' dir='ltr'><strong><em>καὶ</em></strong></span> <span class='ocrx_word' id='word_1_45' title='bbox 496 1222 637 1286; x_wconf 77' lang='grc' dir='ltr'><strong><em>περίοικοι</em></strong></span> <span class='ocrx_word' id='word_1_46' title='bbox 654 1223 723 1272; x_wconf 83' lang='lat' dir='ltr'>nihil</span> <span class='ocrx_word' id='word_1_47' title='bbox 735 1221 811 1272; x_wconf 86' lang='lat' dir='ltr'>aliud</span> 
     </span>
     <span class='ocr_line' id='line_1_11' title="bbox 268 1290 809 1356; baseline -0.006 -15"><span class='ocrx_word' id='word_1_48' title='bbox 268 1293 427 1356; x_wconf 86' lang='lat' dir='ltr'>significare</span> <span class='ocrx_word' id='word_1_49' title='bbox 440 1297 567 1356; x_wconf 81' lang='lat' dir='ltr'>possunt,</span> <span class='ocrx_word' id='word_1_50' title='bbox 580 1292 645 1340; x_wconf 84' lang='lat' dir='ltr'>nisi:</span> <span class='ocrx_word' id='word_1_51' title='bbox 665 1290 809 1353; x_wconf 41' lang='lat' dir='ltr'>(spicarii),</span> 
     </span>
     <span class='ocr_line' id='line_1_12' title="bbox 267 1359 816 1422; baseline -0.002 -14"><span class='ocrx_word' id='word_1_52' title='bbox 267 1376 321 1409; x_wconf 84' lang='lat' dir='ltr'>cum</span> <span class='ocrx_word' id='word_1_53' title='bbox 338 1359 431 1422; x_wconf 87' lang='lat' dir='ltr'>(nunc)</span> <span class='ocrx_word' id='word_1_54' title='bbox 447 1365 499 1409; x_wconf 79' lang='lat' dir='ltr'>sint</span> <span class='ocrx_word' id='word_1_55' title='bbox 512 1359 640 1409; x_wconf 80' lang='lat' dir='ltr'>Orneatae</span> <span class='ocrx_word' id='word_1_56' title='bbox 661 1363 689 1407; x_wconf 91' lang='lat' dir='ltr'>et</span> <span class='ocrx_word' id='word_1_57' title='bbox 700 1360 816 1421; x_wconf 83' lang='lat' dir='ltr'>perioecr&#39;</span> 
     </span>
     <span class='ocr_line' id='line_1_13' title="bbox 268 1426 812 1492; baseline -0.006 -16"><span class='ocrx_word' id='word_1_58' title='bbox 268 1427 454 1492; x_wconf 82' lang='lat' dir='ltr'>(Argivorum,</span> <span class='ocrx_word' id='word_1_59' title='bbox 472 1427 492 1476; x_wconf 86' lang='lat' dir='ltr'>i.</span> <span class='ocrx_word' id='word_1_60' title='bbox 505 1443 529 1476; x_wconf 89' lang='lat' dir='ltr'>c.</span> <span class='ocrx_word' id='word_1_61' title='bbox 548 1427 576 1476; x_wconf 89' lang='lat' dir='ltr'>in</span> <span class='ocrx_word' id='word_1_62' title='bbox 593 1427 755 1491; x_wconf 82' lang='lat' dir='ltr'>Argivorum</span> <span class='ocrx_word' id='word_1_63' title='bbox 771 1426 812 1473; x_wconf 93' lang='lat' dir='ltr'>di·</span> 
     </span>
     <span class='ocr_line' id='line_1_14' title="bbox 267 1494 811 1559; baseline -0.006 -15"><span class='ocrx_word' id='word_1_64' title='bbox 267 1496 343 1545; x_wconf 88' lang='lat' dir='ltr'>tione</span> <span class='ocrx_word' id='word_1_65' title='bbox 362 1495 437 1544; x_wconf 86' lang='lat' dir='ltr'>eirca</span> <span class='ocrx_word' id='word_1_66' title='bbox 449 1495 535 1559; x_wconf 80' lang='lat' dir='ltr'>Argos</span> <span class='ocrx_word' id='word_1_67' title='bbox 552 1494 712 1543; x_wconf 79' lang='lat' dir='ltr'><strong>habitantes</strong></span> <span class='ocrx_word' id='word_1_68' title='bbox 724 1494 811 1557; x_wconf 87' lang='lat' dir='ltr'>iisque</span> 
     </span>
     <span class='ocr_line' id='line_1_15' title="bbox 268 1556 812 1628; baseline -0.004 -17"><span class='ocrx_word' id='word_1_69' title='bbox 268 1563 394 1625; x_wconf 89' lang='lat' dir='ltr'>subditi):</span> <span class='ocrx_word' id='word_1_70' title='bbox 413 1564 442 1611; x_wconf 91' lang='lat' dir='ltr'>iu</span> <span class='ocrx_word' id='word_1_71' title='bbox 460 1563 557 1628; x_wconf 87' lang='lat' dir='ltr'>quibus</span> <span class='ocrx_word' id='word_1_72' title='bbox 570 1561 656 1612; x_wconf 89' lang='lat' dir='ltr'>verba</span> <span class='ocrx_word' id='word_1_73' title='bbox 672 1556 721 1610; x_wconf 86' lang='grc' dir='ltr'><strong><em>καλ</em></strong></span> <span class='ocrx_word' id='word_1_74' title='bbox 733 1559 812 1624; x_wconf 84' lang='grc' dir='ltr'><strong><em>περί-</em></strong></span> 
     </span>
     <span class='ocr_line' id='line_1_16' title="bbox 268 1627 813 1680; baseline -0.007 0"><span class='ocrx_word' id='word_1_75' title='bbox 268 1646 342 1680; x_wconf 88' lang='grc' dir='ltr'><strong><em>οικοι</em></strong></span> <span class='ocrx_word' id='word_1_76' title='bbox 363 1631 489 1680; x_wconf 83' lang='lat' dir='ltr'>consulto</span> <span class='ocrx_word' id='word_1_77' title='bbox 512 1629 607 1679; x_wconf 87' lang='lat' dir='ltr'>addita</span> <span class='ocrx_word' id='word_1_78' title='bbox 627 1629 757 1679; x_wconf 79' lang='lat' dir='ltr'>videntur</span> <span class='ocrx_word' id='word_1_79' title='bbox 777 1627 813 1677; x_wconf 87' lang='lat' dir='ltr'>ad</span> 
     </span>
     <span class='ocr_line' id='line_1_17' title="bbox 268 1696 813 1763; baseline -0.007 -16"><span class='ocrx_word' id='word_1_80' title='bbox 268 1698 433 1763; x_wconf 71' lang='lat' dir='ltr'>explicanda</span> <span class='ocrx_word' id='word_1_81' title='bbox 445 1699 506 1763; x_wconf 88' lang='lat' dir='ltr'>ipsa</span> <span class='ocrx_word' id='word_1_82' title='bbox 520 1697 715 1747; x_wconf 76' lang='lat' dir='ltr'>antecedentia</span> <span class='ocrx_word' id='word_1_83' title='bbox 726 1696 813 1745; x_wconf 82' lang='lat' dir='ltr'>verba</span> 
     </span>
     <span class='ocr_line' id='line_1_18' title="bbox 269 1757 812 1830; baseline -0.006 -15"><span class='ocrx_word' id='word_1_84' title='bbox 269 1757 364 1823; x_wconf 74' lang='grc' dir='ltr'><strong><em>ἐόντες</em></strong></span> <span class='ocrx_word' id='word_1_85' title='bbox 379 1759 542 1830; x_wconf 75' lang='grc' dir='ltr'><strong><em>Ὀρνεῆται,</em></strong></span> <span class='ocrx_word' id='word_1_86' title='bbox 567 1766 612 1830; x_wconf 89' lang='lat' dir='ltr'>qui</span> <span class='ocrx_word' id='word_1_87' title='bbox 634 1764 730 1829; x_wconf 87' lang='lat' dir='ltr'>quales</span> <span class='ocrx_word' id='word_1_88' title='bbox 753 1764 812 1812; x_wconf 88' lang='lat' dir='ltr'>fere</span> 
     </span>
     <span class='ocr_line' id='line_1_19' title="bbox 269 1831 812 1898; baseline -0.007 -15"><span class='ocrx_word' id='word_1_89' title='bbox 269 1842 362 1883; x_wconf 82' lang='lat' dir='ltr'>essent</span> <span class='ocrx_word' id='word_1_90' title='bbox 373 1834 497 1883; x_wconf 89' lang='lat' dir='ltr'>homines</span> <span class='ocrx_word' id='word_1_91' title='bbox 515 1839 543 1882; x_wconf 90' lang='lat' dir='ltr'>et</span> <span class='ocrx_word' id='word_1_92' title='bbox 560 1832 641 1898; x_wconf 89' lang='lat' dir='ltr'>quale</span> <span class='ocrx_word' id='word_1_93' title='bbox 659 1831 812 1882; x_wconf 86' lang='lat' dir='ltr'>incolarum</span> 
     </span>
     <span class='ocr_line' id='line_1_20' title="bbox 268 1898 812 1967; baseline -0.009 -16"><span class='ocrx_word' id='word_1_94' title='bbox 268 1917 355 1967; x_wconf 87' lang='lat' dir='ltr'>genus</span> <span class='ocrx_word' id='word_1_95' title='bbox 369 1903 581 1963; x_wconf 87' lang='lat' dir='ltr'>constituerent,</span> <span class='ocrx_word' id='word_1_96' title='bbox 601 1900 694 1949; x_wconf 84' lang='lat' dir='ltr'>verbis</span> <span class='ocrx_word' id='word_1_97' title='bbox 711 1898 812 1947; x_wconf 87' lang='lat' dir='ltr'>additis</span> 
     </span>
     <span class='ocr_line' id='line_1_21' title="bbox 267 1965 810 2032; baseline -0.007 -14"><span class='ocrx_word' id='word_1_98' title='bbox 267 1965 318 2018; x_wconf 82' lang='grc' dir='ltr'><strong><em>καλ</em></strong></span> <span class='ocrx_word' id='word_1_99' title='bbox 341 1969 482 2032; x_wconf 79' lang='grc' dir='ltr'><strong><em>περίοικοι</em></strong></span> <span class='ocrx_word' id='word_1_100' title='bbox 503 1968 625 2017; x_wconf 86' lang='lat' dir='ltr'>indicare</span> <span class='ocrx_word' id='word_1_101' title='bbox 644 1968 744 2016; x_wconf 80' lang='lat' dir='ltr'>Noster</span> <span class='ocrx_word' id='word_1_102' title='bbox 765 1981 810 2016; x_wconf 89' lang='lat' dir='ltr'>vo·</span> 
     </span>
     <span class='ocr_line' id='line_1_22' title="bbox 269 2034 811 2100; baseline -0.006 -15"><span class='ocrx_word' id='word_1_103' title='bbox 269 2036 353 2085; x_wconf 88' lang='lat' dir='ltr'>luisse</span> <span class='ocrx_word' id='word_1_104' title='bbox 376 2036 512 2100; x_wconf 91' lang='lat' dir='ltr'>putandus</span> <span class='ocrx_word' id='word_1_105' title='bbox 535 2036 599 2095; x_wconf 78' lang='lat' dir='ltr'>erit3</span> <span class='ocrx_word' id='word_1_106' title='bbox 628 2049 711 2098; x_wconf 89' lang='lat' dir='ltr'>quare</span> <span class='ocrx_word' id='word_1_107' title='bbox 738 2034 811 2082; x_wconf 89' lang='lat' dir='ltr'>haud</span> 
     </span>
     <span class='ocr_line' id='line_1_23' title="bbox 268 2096 811 2168; baseline -0.007 -15"><span class='ocrx_word' id='word_1_108' title='bbox 268 2104 442 2153; x_wconf 87' lang='lat' dir='ltr'>scribendum</span> <span class='ocrx_word' id='word_1_109' title='bbox 458 2096 645 2168; x_wconf 65' lang='lat' dir='ltr'>vineatorem,</span> <span class='ocrx_word' id='word_1_110' title='bbox 663 2102 734 2166; x_wconf 88' lang='lat' dir='ltr'>quod</span> <span class='ocrx_word' id='word_1_111' title='bbox 752 2101 811 2165; x_wconf 88' lang='lat' dir='ltr'>qui-</span> 
     </span>
     <span class='ocr_line' id='line_1_24' title="bbox 269 2169 811 2226; baseline -0.006 -6"><span class='ocrx_word' id='word_1_112' title='bbox 269 2171 382 2220; x_wconf 88' lang='lat' dir='ltr'>busdam</span> <span class='ocrx_word' id='word_1_113' title='bbox 405 2171 432 2219; x_wconf 90' lang='lat' dir='ltr'>in</span> <span class='ocrx_word' id='word_1_114' title='bbox 455 2176 574 2219; x_wconf 88' lang='lat' dir='ltr'>mentem</span> <span class='ocrx_word' id='word_1_115' title='bbox 591 2170 701 2219; x_wconf 87' lang='lat' dir='ltr'>venisse</span> <span class='ocrx_word' id='word_1_116' title='bbox 722 2169 811 2226; x_wconf 80' lang='lat' dir='ltr'>video,</span> 
     </span>
     <span class='ocr_line' id='line_1_25' title="bbox 269 2235 812 2302; baseline -0.004 -15"><span class='ocrx_word' id='word_1_117' title='bbox 269 2244 299 2287; x_wconf 89' lang='lat' dir='ltr'>ut</span> <span class='ocrx_word' id='word_1_118' title='bbox 322 2238 434 2302; x_wconf 79' lang='lat' dir='ltr'>Cyuurii</span> <span class='ocrx_word' id='word_1_119' title='bbox 448 2238 679 2302; x_wconf 79' lang='lat' dir='ltr'>&#39;significarentur</span> <span class='ocrx_word' id='word_1_120' title='bbox 701 2240 740 2286; x_wconf 83' lang='lat' dir='ltr'>vel</span> <span class='ocrx_word' id='word_1_121' title='bbox 762 2235 812 2285; x_wconf 91' lang='lat' dir='ltr'>Or·</span> 
     </span>
     <span class='ocr_line' id='line_1_26' title="bbox 268 2304 812 2371; baseline -0.006 -16"><span class='ocrx_word' id='word_1_122' title='bbox 268 2311 369 2355; x_wconf 87' lang='lat' dir='ltr'>neatae</span> <span class='ocrx_word' id='word_1_123' title='bbox 383 2308 469 2356; x_wconf 82' lang='lat' dir='ltr'>luisse</span> <span class='ocrx_word' id='word_1_124' title='bbox 481 2309 521 2355; x_wconf 86' lang='lat' dir='ltr'>vel</span> <span class='ocrx_word' id='word_1_125' title='bbox 531 2306 661 2371; x_wconf 84' lang='lat' dir='ltr'>periosci,</span> <span class='ocrx_word' id='word_1_126' title='bbox 676 2304 812 2353; x_wconf 88' lang='lat' dir='ltr'>diversum</span> 
     </span>
     <span class='ocr_line' id='line_1_27' title="bbox 268 2373 812 2439; baseline -0.004 -17"><span class='ocrx_word' id='word_1_127' title='bbox 268 2375 354 2439; x_wconf 87' lang='lat' dir='ltr'>igitur</span> <span class='ocrx_word' id='word_1_128' title='bbox 369 2374 507 2424; x_wconf 87' lang='lat' dir='ltr'>hominum</span> <span class='ocrx_word' id='word_1_129' title='bbox 524 2373 611 2438; x_wconf 85' lang='lat' dir='ltr'>genus</span> <span class='ocrx_word' id='word_1_130' title='bbox 628 2378 743 2436; x_wconf 88' lang='lat' dir='ltr'>utraque</span> <span class='ocrx_word' id='word_1_131' title='bbox 765 2387 812 2436; x_wconf 87' lang='lat' dir='ltr'>ap·</span> 
     </span>
     <span class='ocr_line' id='line_1_28' title="bbox 268 2440 812 2507; baseline -0.007 -16"><span class='ocrx_word' id='word_1_132' title='bbox 268 2442 418 2507; x_wconf 88' lang='lat' dir='ltr'>pellatione</span> <span class='ocrx_word' id='word_1_133' title='bbox 438 2443 620 2491; x_wconf 87' lang='lat' dir='ltr'>indicaretur:</span> <span class='ocrx_word' id='word_1_134' title='bbox 640 2440 673 2489; x_wconf 88' lang='lat' dir='ltr'>de</span> <span class='ocrx_word' id='word_1_135' title='bbox 691 2454 742 2504; x_wconf 88' lang='lat' dir='ltr'>qno</span> <span class='ocrx_word' id='word_1_136' title='bbox 758 2440 812 2488; x_wconf 89' lang='lat' dir='ltr'>Ho-</span> 
     </span>
     <span class='ocr_line' id='line_1_29' title="bbox 268 2508 812 2575; baseline -0.007 -16"><span class='ocrx_word' id='word_1_137' title='bbox 268 2514 353 2559; x_wconf 89' lang='lat' dir='ltr'>strum</span> <span class='ocrx_word' id='word_1_138' title='bbox 374 2510 484 2559; x_wconf 89' lang='lat' dir='ltr'>minime</span> <span class='ocrx_word' id='word_1_139' title='bbox 512 2510 650 2575; x_wconf 75' lang='lat' dir='ltr'>cogitasse</span> <span class='ocrx_word' id='word_1_140' title='bbox 676 2508 812 2567; x_wconf 78' lang='lat' dir='ltr'>existimo,</span> 
     </span>
     <span class='ocr_line' id='line_1_30' title="bbox 268 2575 813 2641; baseline -0.007 -15"><span class='ocrx_word' id='word_1_141' title='bbox 268 2577 335 2628; x_wconf 92' lang='lat' dir='ltr'>licet</span> <span class='ocrx_word' id='word_1_142' title='bbox 348 2578 512 2638; x_wconf 83' lang='lat' dir='ltr'>exstiterint,</span> <span class='ocrx_word' id='word_1_143' title='bbox 527 2579 572 2641; x_wconf 91' lang='lat' dir='ltr'>qui</span> <span class='ocrx_word' id='word_1_144' title='bbox 583 2575 717 2625; x_wconf 85' lang='lat' dir='ltr'>Herodoti</span> <span class='ocrx_word' id='word_1_145' title='bbox 726 2575 813 2623; x_wconf 82' lang='lat' dir='ltr'>verba</span> 
     </span>
     <span class='ocr_line' id='line_1_31' title="bbox 268 2642 813 2710; baseline -0.009 -16"><span class='ocrx_word' id='word_1_146' title='bbox 268 2646 309 2694; x_wconf 92' lang='lat' dir='ltr'>sic</span> <span class='ocrx_word' id='word_1_147' title='bbox 328 2646 420 2710; x_wconf 80' lang='lat' dir='ltr'>accipi</span> <span class='ocrx_word' id='word_1_148' title='bbox 432 2644 554 2694; x_wconf 89' lang='lat' dir='ltr'>mallent.</span> <span class='ocrx_word' id='word_1_149' title='bbox 590 2644 632 2692; x_wconf 81' lang='lat' dir='ltr'>Ad</span> <span class='ocrx_word' id='word_1_150' title='bbox 643 2642 813 2705; x_wconf 77' lang='lat' dir='ltr'>Thucydidis</span> 
     </span>
     <span class='ocr_line' id='line_1_32' title="bbox 267 2709 812 2776; baseline -0.011 -13"><span class='ocrx_word' id='word_1_151' title='bbox 267 2713 356 2763; x_wconf 88' lang='lat' dir='ltr'>locum</span> <span class='ocrx_word' id='word_1_152' title='bbox 375 2714 411 2775; x_wconf 79' lang='lat' dir='ltr'>v,</span> <span class='ocrx_word' id='word_1_153' title='bbox 430 2712 462 2762; x_wconf 81' lang='lat'>67</span> <span class='ocrx_word' id='word_1_154' title='bbox 486 2712 548 2776; x_wconf 77' lang='lat' dir='ltr'>(quo</span> <span class='ocrx_word' id='word_1_155' title='bbox 570 2711 632 2761; x_wconf 89' lang='lat' dir='ltr'>loco</span> <span class='ocrx_word' id='word_1_156' title='bbox 653 2709 812 2758; x_wconf 77' lang='grc' dir='ltr'><strong><em>Κλεωναῖοι</em></strong></span> 
     </span>
     <span class='ocr_line' id='line_1_33' title="bbox 268 2771 812 2842; baseline -0.011 -12"><span class='ocrx_word' id='word_1_157' title='bbox 268 2789 296 2830; x_wconf 92' lang='lat' dir='ltr'>et</span> <span class='ocrx_word' id='word_1_158' title='bbox 311 2771 458 2842; x_wconf 74' lang='grc' dir='ltr'><strong><em>Ὀρνεᾶται</em></strong></span> <span class='ocrx_word' id='word_1_159' title='bbox 476 2784 722 2829; x_wconf 88' lang='lat' dir='ltr'>commemorantur</span> <span class='ocrx_word' id='word_1_160' title='bbox 733 2777 812 2841; x_wconf 82' lang='lat' dir='ltr'>Argi·</span> 
     </span>
     <span class='ocr_line' id='line_1_34' title="bbox 268 2841 813 2912; baseline -0.009 -15"><span class='ocrx_word' id='word_1_161' title='bbox 268 2863 362 2898; x_wconf 89' lang='lat' dir='ltr'>vorum</span> <span class='ocrx_word' id='word_1_162' title='bbox 388 2841 541 2912; x_wconf 79' lang='grc' dir='ltr'><strong><em>ξύμμαχοι)</em></strong></span> <span class='ocrx_word' id='word_1_163' title='bbox 567 2845 702 2896; x_wconf 87' lang='lat' dir='ltr'>Herodoti</span> <span class='ocrx_word' id='word_1_164' title='bbox 727 2845 813 2894; x_wconf 88' lang='lat' dir='ltr'>verba</span> 
     </span>
     <span class='ocr_line' id='line_1_35' title="bbox 269 2912 812 2978; baseline -0.007 -14"><span class='ocrx_word' id='word_1_165' title='bbox 269 2916 404 2965; x_wconf 86' lang='lat' dir='ltr'>excitavit</span> <span class='ocrx_word' id='word_1_166' title='bbox 420 2914 521 2964; x_wconf 86' lang='lat' dir='ltr'>Aruold</span> <span class='ocrx_word' id='word_1_167' title='bbox 544 2929 631 2978; x_wconf 88' lang='lat' dir='ltr'>esque</span> <span class='ocrx_word' id='word_1_168' title='bbox 649 2914 689 2962; x_wconf 89' lang='lat' dir='ltr'>sic</span> <span class='ocrx_word' id='word_1_169' title='bbox 709 2912 812 2961; x_wconf 89' lang='lat' dir='ltr'>intelli-</span> 
     </span>
     <span class='ocr_line' id='line_1_36' title="bbox 268 2981 812 3048; baseline -0.006 -17"><span class='ocrx_word' id='word_1_170' title='bbox 268 2983 323 3048; x_wconf 88' lang='lat' dir='ltr'>git:</span> <span class='ocrx_word' id='word_1_171' title='bbox 338 2982 477 3044; x_wconf 84' lang='lat' dir='ltr'>,‚Orncac,</span> <span class='ocrx_word' id='word_1_172' title='bbox 488 2997 569 3045; x_wconf 88' lang='lat' dir='ltr'>quum</span> <span class='ocrx_word' id='word_1_173' title='bbox 578 2981 734 3031; x_wconf 87' lang='lat' dir='ltr'>Herodotus</span> <span class='ocrx_word' id='word_1_174' title='bbox 744 2981 812 3029; x_wconf 86' lang='lat' dir='ltr'>seri-</span> 
     </span>
     <span class='ocr_line' id='line_1_37' title="bbox 270 3047 812 3115; baseline -0.007 -16"><span class='ocrx_word' id='word_1_175' title='bbox 270 3050 345 3115; x_wconf 91' lang='lat' dir='ltr'>„psit</span> <span class='ocrx_word' id='word_1_176' title='bbox 358 3050 440 3113; x_wconf 90' lang='lat' dir='ltr'>(quod</span> <span class='ocrx_word' id='word_1_177' title='bbox 458 3056 532 3099; x_wconf 89' lang='lat' dir='ltr'>certe</span> <span class='ocrx_word' id='word_1_178' title='bbox 550 3054 613 3114; x_wconf 89' lang='lat' dir='ltr'>post</span> <span class='ocrx_word' id='word_1_179' title='bbox 625 3049 733 3098; x_wconf 88' lang='lat' dir='ltr'>initium</span> <span class='ocrx_word' id='word_1_180' title='bbox 746 3047 812 3096; x_wconf 89' lang='lat' dir='ltr'>beili</span> 
     </span>
     <span class='ocr_line' id='line_1_38' title="bbox 269 3115 813 3182; baseline -0.006 -16"><span class='ocrx_word' id='word_1_181' title='bbox 269 3117 520 3182; x_wconf 86' lang='lat' dir='ltr'>„Peloponnesiaci</span> <span class='ocrx_word' id='word_1_182' title='bbox 533 3115 607 3178; x_wconf 85' lang='lat' dir='ltr'>fuit),</span> <span class='ocrx_word' id='word_1_183' title='bbox 621 3117 782 3165; x_wconf 87' lang='lat' dir='ltr'>etiamtunc</span> <span class='ocrx_word' id='word_1_184' title='bbox 796 3131 813 3164; x_wconf 86' lang='lat' dir='ltr'>a</span> 
     </span>
     <span class='ocr_line' id='line_1_39' title="bbox 269 3184 810 3250; baseline -0.006 -16"><span class='ocrx_word' id='word_1_185' title='bbox 269 3185 381 3250; x_wconf 88' lang='lat' dir='ltr'>„prisca</span> <span class='ocrx_word' id='word_1_186' title='bbox 399 3190 483 3250; x_wconf 89' lang='lat' dir='ltr'>gente</span> <span class='ocrx_word' id='word_1_187' title='bbox 501 3185 680 3249; x_wconf 77' lang='lat' dir='ltr'>Cynuriorum</span> <span class='ocrx_word' id='word_1_188' title='bbox 699 3188 747 3232; x_wconf 88' lang='lat' dir='ltr'>aut</span> <span class='ocrx_word' id='word_1_189' title='bbox 760 3184 810 3232; x_wconf 89' lang='lat' dir='ltr'>Pe·</span> 
     </span>
     <span class='ocr_line' id='line_1_40' title="bbox 269 3251 811 3317; baseline -0.006 -15"><span class='ocrx_word' id='word_1_190' title='bbox 269 3254 426 3317; x_wconf 84' lang='lat' dir='ltr'>„lasgorum</span> <span class='ocrx_word' id='word_1_191' title='bbox 437 3252 643 3314; x_wconf 75' lang='lat' dir='ltr'>habitabantur,</span> <span class='ocrx_word' id='word_1_192' title='bbox 654 3251 710 3315; x_wconf 86' lang='lat' dir='ltr'>qui,</span> <span class='ocrx_word' id='word_1_193' title='bbox 719 3266 811 3315; x_wconf 89' lang='lat' dir='ltr'>quam·</span> 
     </span>
     <span class='ocr_line' id='line_1_41' title="bbox 268 3319 811 3385; baseline -0.007 -15"><span class='ocrx_word' id='word_1_194' title='bbox 268 3322 330 3384; x_wconf 88' lang='lat' dir='ltr'>„vis</span> <span class='ocrx_word' id='word_1_195' title='bbox 359 3321 455 3385; x_wconf 87' lang='lat' dir='ltr'>lingua</span> <span class='ocrx_word' id='word_1_196' title='bbox 484 3325 513 3369; x_wconf 90' lang='lat' dir='ltr'>et</span> <span class='ocrx_word' id='word_1_197' title='bbox 540 3320 660 3370; x_wconf 88' lang='lat' dir='ltr'>moribus</span> <span class='ocrx_word' id='word_1_198' title='bbox 689 3319 811 3379; x_wconf 86' lang='lat' dir='ltr'>mutatis,</span> 
     </span>
     <span class='ocr_line' id='line_1_42' title="bbox 268 3387 812 3453; baseline -0.006 -16"><span class='ocrx_word' id='word_1_199' title='bbox 268 3391 376 3452; x_wconf 85' lang='lat' dir='ltr'>„etiam</span> <span class='ocrx_word' id='word_1_200' title='bbox 397 3397 462 3438; x_wconf 89' lang='lat' dir='ltr'>tunc</span> <span class='ocrx_word' id='word_1_201' title='bbox 485 3389 525 3438; x_wconf 92' lang='lat' dir='ltr'>ibi</span> <span class='ocrx_word' id='word_1_202' title='bbox 547 3405 596 3453; x_wconf 90' lang='lat' dir='ltr'>per</span> <span class='ocrx_word' id='word_1_203' title='bbox 617 3403 646 3437; x_wconf 89' lang='lat' dir='ltr'>se</span> <span class='ocrx_word' id='word_1_204' title='bbox 667 3387 720 3436; x_wconf 91' lang='lat' dir='ltr'>soli</span> <span class='ocrx_word' id='word_1_205' title='bbox 736 3387 812 3435; x_wconf 86' lang='lat' dir='ltr'>vive-</span> 
     </span>
     <span class='ocr_line' id='line_1_43' title="bbox 267 3453 813 3522; baseline -0.005 -17"><span class='ocrx_word' id='word_1_206' title='bbox 267 3457 368 3518; x_wconf 87' lang='lat' dir='ltr'>,‚baut,</span> <span class='ocrx_word' id='word_1_207' title='bbox 381 3462 411 3505; x_wconf 88' lang='lat' dir='ltr'>ut</span> <span class='ocrx_word' id='word_1_208' title='bbox 419 3457 541 3522; x_wconf 88' lang='lat' dir='ltr'>perioeci</span> <span class='ocrx_word' id='word_1_209' title='bbox 551 3471 601 3506; x_wconf 90' lang='lat' dir='ltr'>seu</span> <span class='ocrx_word' id='word_1_210' title='bbox 613 3455 683 3505; x_wconf 88' lang='lat' dir='ltr'>socii</span> <span class='ocrx_word' id='word_1_211' title='bbox 692 3453 813 3503; x_wconf 86' lang='lat' dir='ltr'>subiecti</span> 
     </span>
     <span class='ocr_line' id='line_1_44' title="bbox 268 3521 811 3588; baseline -0.006 -15"><span class='ocrx_word' id='word_1_212' title='bbox 268 3524 398 3588; x_wconf 83' lang='lat' dir='ltr'>„Argivis</span> <span class='ocrx_word' id='word_1_213' title='bbox 408 3521 811 3585; x_wconf 80' lang='lat' dir='ltr'>Doriensibus“(P.Hl.Vol.3.</span> 
     </span>
     <span class='ocr_line' id='line_1_45' title="bbox 266 3590 811 3657; baseline -0.002 -18"><span class='ocrx_word' id='word_1_214' title='bbox 266 3607 330 3656; x_wconf 88' lang='lat' dir='ltr'>pag.</span> <span class='ocrx_word' id='word_1_215' title='bbox 341 3591 391 3640; x_wconf 69' lang='lat' dir='ltr'>bat</span> <span class='ocrx_word' id='word_1_216' title='bbox 403 3608 460 3657; x_wconf 85' lang='lat' dir='ltr'>seq.</span> <span class='ocrx_word' id='word_1_217' title='bbox 474 3592 516 3642; x_wconf 88' lang='lat' dir='ltr'>ed.</span> <span class='ocrx_word' id='word_1_218' title='bbox 528 3590 633 3657; x_wconf 84' lang='lat' dir='ltr'>Popp.).</span> <span class='ocrx_word' id='word_1_219' title='bbox 654 3590 732 3652; x_wconf 80' lang='lat' dir='ltr'>Quod</span> <span class='ocrx_word' id='word_1_220' title='bbox 744 3605 811 3639; x_wconf 79' lang='lat' dir='ltr'>vero</span> 
     </span>
     <span class='ocr_line' id='line_1_46' title="bbox 268 3658 810 3710; baseline -0.007 -1"><span class='ocrx_word' id='word_1_221' title='bbox 268 3658 412 3709; x_wconf 81' lang='lat' dir='ltr'>Goellerus</span> <span class='ocrx_word' id='word_1_222' title='bbox 439 3660 478 3709; x_wconf 82' lang='lat' dir='ltr'>sic</span> <span class='ocrx_word' id='word_1_223' title='bbox 501 3658 635 3710; x_wconf 87' lang='lat' dir='ltr'>Herodoti</span> <span class='ocrx_word' id='word_1_224' title='bbox 656 3658 743 3707; x_wconf 87' lang='lat' dir='ltr'>verba</span> <span class='ocrx_word' id='word_1_225' title='bbox 765 3673 810 3706; x_wconf 88' lang='lat' dir='ltr'>ac·</span> 
     </span>
     <span class='ocr_line' id='line_1_47' title="bbox 267 3724 810 3792; baseline -0.006 -15"><span class='ocrx_word' id='word_1_226' title='bbox 267 3728 324 3792; x_wconf 88' lang='lat' dir='ltr'>cipi</span> <span class='ocrx_word' id='word_1_227' title='bbox 340 3727 412 3777; x_wconf 76' lang='lat' dir='ltr'>vult:</span> <span class='ocrx_word' id='word_1_228' title='bbox 438 3727 550 3792; x_wconf 84' lang='lat' dir='ltr'>Cynurii</span> <span class='ocrx_word' id='word_1_229' title='bbox 567 3729 596 3776; x_wconf 90' lang='lat' dir='ltr'>iu</span> <span class='ocrx_word' id='word_1_230' title='bbox 608 3728 697 3775; x_wconf 89' lang='lat' dir='ltr'>Dores</span> <span class='ocrx_word' id='word_1_231' title='bbox 714 3724 810 3789; x_wconf 88' lang='lat' dir='ltr'>paula-</span> 
     </span>
     <span class='ocr_line' id='line_1_48' title="bbox 267 3792 811 3846; baseline 0.002 -3"><span class='ocrx_word' id='word_1_232' title='bbox 267 3796 316 3844; x_wconf 85' lang='lat' dir='ltr'>tim</span> <span class='ocrx_word' id='word_1_233' title='bbox 326 3797 452 3845; x_wconf 87' lang='lat' dir='ltr'>conversi</span> <span class='ocrx_word' id='word_1_234' title='bbox 462 3800 525 3845; x_wconf 89' lang='lat' dir='ltr'>suut</span> <span class='ocrx_word' id='word_1_235' title='bbox 533 3801 562 3845; x_wconf 87' lang='lat' dir='ltr'>et</span> <span class='ocrx_word' id='word_1_236' title='bbox 570 3801 686 3846; x_wconf 81' lang='lat' dir='ltr'>coustant</span> <span class='ocrx_word' id='word_1_237' title='bbox 693 3792 811 3844; x_wconf 74' lang='lat' dir='ltr'>omearo</span> 
     </span>
     <span class='ocr_line' id='line_1_49' title="bbox 267 3863 809 3927; baseline -0.002 -15"><span class='ocrx_word' id='word_1_238' title='bbox 267 3863 362 3912; x_wconf 89' lang='lat' dir='ltr'>liberis</span> <span class='ocrx_word' id='word_1_239' title='bbox 375 3865 562 3927; x_wconf 87' lang='lat' dir='ltr'>caeterisque,</span> <span class='ocrx_word' id='word_1_240' title='bbox 577 3863 624 3927; x_wconf 88' lang='lat' dir='ltr'>qui</span> <span class='ocrx_word' id='word_1_241' title='bbox 635 3877 689 3913; x_wconf 89' lang='lat' dir='ltr'>non</span> <span class='ocrx_word' id='word_1_242' title='bbox 702 3867 766 3910; x_wconf 91' lang='lat' dir='ltr'>sunt</span> <span class='ocrx_word' id='word_1_243' title='bbox 778 3863 809 3913; x_wconf 94' lang='lat' dir='ltr'>li-</span> 
     </span>
     <span class='ocr_line' id='line_1_50' title="bbox 267 3929 810 3995; baseline 0.007 -17"><span class='ocrx_word' id='word_1_244' title='bbox 267 3931 342 3991; x_wconf 89' lang='lat' dir='ltr'>beri,</span> <span class='ocrx_word' id='word_1_245' title='bbox 358 3931 406 3980; x_wconf 90' lang='lat' dir='ltr'>sed</span> <span class='ocrx_word' id='word_1_246' title='bbox 422 3935 537 3994; x_wconf 66' lang='lat' dir='ltr'>perdocet</span> <span class='ocrx_word' id='word_1_247' title='bbox 547 3933 712 3995; x_wconf 71' lang='lat' dir='ltr'>Arpinorum,</span> <span class='ocrx_word' id='word_1_248' title='bbox 731 3929 758 3977; x_wconf 89' lang='lat' dir='ltr'>id</span> <span class='ocrx_word' id='word_1_249' title='bbox 777 3948 810 3981; x_wconf 84' lang='lat' dir='ltr'>ex</span> 
     </span>
     <span class='ocr_line' id='line_1_51' title="bbox 266 3997 809 4064; baseline 0.004 -17"><span class='ocrx_word' id='word_1_250' title='bbox 266 3997 401 4047; x_wconf 88' lang='lat' dir='ltr'>Herodoti</span> <span class='ocrx_word' id='word_1_251' title='bbox 413 4000 513 4061; x_wconf 86' lang='lat' dir='ltr'>verbis,</span> <span class='ocrx_word' id='word_1_252' title='bbox 527 3998 621 4064; x_wconf 87' lang='lat' dir='ltr'>qualia</span> <span class='ocrx_word' id='word_1_253' title='bbox 633 4013 704 4047; x_wconf 89' lang='lat' dir='ltr'>nunc</span> <span class='ocrx_word' id='word_1_254' title='bbox 714 3997 809 4064; x_wconf 85' lang='lat' dir='ltr'>legun·</span> 
     </span>
     <span class='ocr_line' id='line_1_52' title="bbox 267 4066 809 4132; baseline 0.006 -19"><span class='ocrx_word' id='word_1_255' title='bbox 267 4070 324 4123; x_wconf 86' lang='lat' dir='ltr'>tur,</span> <span class='ocrx_word' id='word_1_256' title='bbox 343 4066 419 4116; x_wconf 82' lang='lat' dir='ltr'>effici</span> <span class='ocrx_word' id='word_1_257' title='bbox 435 4082 515 4131; x_wconf 85' lang='lat' dir='ltr'>posse</span> <span class='ocrx_word' id='word_1_258' title='bbox 532 4082 612 4131; x_wconf 86' lang='lat' dir='ltr'>nego.</span> <span class='ocrx_word' id='word_1_259' title='bbox 648 4068 705 4116; x_wconf 84' lang='lat' dir='ltr'>Nec</span> <span class='ocrx_word' id='word_1_260' title='bbox 722 4069 809 4132; x_wconf 88' lang='lat' dir='ltr'>magis</span> 
     </span>
    </p>
   </div>
   <div class='ocr_carea' id='block_1_5' title="bbox 860 881 1456 4136">
    <p class='ocr_par' dir='ltr' id='par_1_5' title="bbox 860 881 1456 3784">
     <span class='ocr_line' id='line_1_53' title="bbox 861 881 1386 949; baseline -0.01 -16"><span class='ocrx_word' id='word_1_261' title='bbox 861 884 892 936; x_wconf 92' lang='lat' dir='ltr'>P.</span> <span class='ocrx_word' id='word_1_262' title='bbox 906 885 929 933; x_wconf 90' lang='lat'>1.</span> <span class='ocrx_word' id='word_1_263' title='bbox 942 898 1005 949; x_wconf 86' lang='lat' dir='ltr'>pag.</span> <span class='ocrx_word' id='word_1_264' title='bbox 1018 884 1051 933; x_wconf 76' lang='lat'>24</span> <span class='ocrx_word' id='word_1_265' title='bbox 1062 898 1152 948; x_wconf 85' lang='lat' dir='ltr'>seqq.:</span> <span class='ocrx_word' id='word_1_266' title='bbox 1172 881 1256 945; x_wconf 85' lang='lat' dir='ltr'>„Mihi</span> <span class='ocrx_word' id='word_1_267' title='bbox 1265 882 1290 941; x_wconf 85' lang='grc'>,“</span> <span class='ocrx_word' id='word_1_268' title='bbox 1301 881 1386 945; x_wconf 85' lang='lat' dir='ltr'>inquit,</span> 
     </span>
     <span class='ocr_line' id='line_1_54' title="bbox 862 941 1387 1015; baseline -0.01 -14"><span class='ocrx_word' id='word_1_269' title='bbox 862 952 1036 1014; x_wconf 90' lang='lat' dir='ltr'>„Herodotus</span> <span class='ocrx_word' id='word_1_270' title='bbox 1048 952 1141 1001; x_wconf 84' lang='lat' dir='ltr'>verbis</span> <span class='ocrx_word' id='word_1_271' title='bbox 1154 941 1247 1009; x_wconf 76' lang='grc' dir='ltr'><strong><em>ἐόντες</em></strong></span> <span class='ocrx_word' id='word_1_272' title='bbox 1256 942 1387 1015; x_wconf 82' lang='grc' dir='ltr'><strong><em>Ὀρνεῆται</em></strong></span> 
     </span>
     <span class='ocr_line' id='line_1_55' title="bbox 862 1016 1387 1082; baseline -0.008 -14"><span class='ocrx_word' id='word_1_273' title='bbox 862 1019 928 1068; x_wconf 88' lang='lat' dir='ltr'>nihil</span> <span class='ocrx_word' id='word_1_274' title='bbox 943 1018 1018 1068; x_wconf 87' lang='lat' dir='ltr'>aliud</span> <span class='ocrx_word' id='word_1_275' title='bbox 1030 1019 1122 1068; x_wconf 89' lang='lat' dir='ltr'>dicere</span> <span class='ocrx_word' id='word_1_276' title='bbox 1136 1019 1255 1081; x_wconf 83' lang='lat' dir='ltr'>videtur,</span> <span class='ocrx_word' id='word_1_277' title='bbox 1269 1033 1343 1082; x_wconf 84' lang='lat' dir='ltr'>quam</span> <span class='ocrx_word' id='word_1_278' title='bbox 1353 1016 1387 1064; x_wconf 91' lang='lat' dir='ltr'>Io·</span> 
     </span>
     <span class='ocr_line' id='line_1_56' title="bbox 862 1086 1445 1151; baseline -0.007 -15"><span class='ocrx_word' id='word_1_279' title='bbox 862 1102 911 1136; x_wconf 91' lang='lat' dir='ltr'>nes</span> <span class='ocrx_word' id='word_1_280' title='bbox 925 1087 1061 1150; x_wconf 78' lang='lat' dir='ltr'>Cynuriae</span> <span class='ocrx_word' id='word_1_281' title='bbox 1076 1086 1222 1151; x_wconf 88' lang='lat' dir='ltr'>indigenas</span> <span class='ocrx_word' id='word_1_282' title='bbox 1239 1091 1329 1151; x_wconf 86' lang='lat' dir='ltr'>postea</span> <span class='ocrx_word' id='word_1_283' title='bbox 1340 1086 1387 1133; x_wconf 90' lang='lat' dir='ltr'>Do·</span> <span class='ocrx_word' id='word_1_284' title='bbox 1440 1089 1445 1098; x_wconf 90' lang='grc'><em>“</em></span> 
     </span>
     <span class='ocr_line' id='line_1_57' title="bbox 862 1154 1389 1210; baseline -0.008 -7"><span class='ocrx_word' id='word_1_285' title='bbox 862 1155 998 1204; x_wconf 88' lang='lat' dir='ltr'>riensibus</span> <span class='ocrx_word' id='word_1_286' title='bbox 1022 1154 1169 1204; x_wconf 85' lang='lat' dir='ltr'>similiores</span> <span class='ocrx_word' id='word_1_287' title='bbox 1190 1154 1307 1204; x_wconf 85' lang='lat' dir='ltr'>redditos</span> <span class='ocrx_word' id='word_1_288' title='bbox 1328 1166 1389 1210; x_wconf 86' lang='lat' dir='ltr'>esse,</span> 
     </span>
     <span class='ocr_line' id='line_1_58' title="bbox 861 1221 1389 1277; baseline -0.011 -5"><span class='ocrx_word' id='word_1_289' title='bbox 861 1239 915 1272; x_wconf 84' lang='lat' dir='ltr'>cara</span> <span class='ocrx_word' id='word_1_290' title='bbox 937 1222 1082 1272; x_wconf 75' lang='lat' dir='ltr'>habitarent</span> <span class='ocrx_word' id='word_1_291' title='bbox 1105 1221 1203 1272; x_wconf 76' lang='lat' dir='ltr'>Orneus</span> <span class='ocrx_word' id='word_1_292' title='bbox 1226 1221 1340 1277; x_wconf 83' lang='lat' dir='ltr'>arbem;“</span> <span class='ocrx_word' id='word_1_293' title='bbox 1356 1223 1389 1267; x_wconf 87' lang='lat' dir='ltr'>ot-</span> 
     </span>
     <span class='ocr_line' id='line_1_59' title="bbox 864 1286 1391 1353; baseline -0.008 -15"><span class='ocrx_word' id='word_1_294' title='bbox 864 1290 937 1338; x_wconf 90' lang='lat' dir='ltr'>enim</span> <span class='ocrx_word' id='word_1_295' title='bbox 955 1289 1088 1353; x_wconf 83' lang='lat' dir='ltr'>Cynurios</span> <span class='ocrx_word' id='word_1_296' title='bbox 1107 1305 1123 1339; x_wconf 91' lang='lat' dir='ltr'>a</span> <span class='ocrx_word' id='word_1_297' title='bbox 1140 1289 1294 1340; x_wconf 76' lang='lat' dir='ltr'>Laconibus</span> <span class='ocrx_word' id='word_1_298' title='bbox 1310 1286 1391 1352; x_wconf 88' lang='lat' dir='ltr'>pulsos</span> 
     </span>
     <span class='ocr_line' id='line_1_60' title="bbox 864 1355 1391 1422; baseline -0.009 -16"><span class='ocrx_word' id='word_1_299' title='bbox 864 1358 971 1407; x_wconf 89' lang='lat' dir='ltr'>Orneas</span> <span class='ocrx_word' id='word_1_300' title='bbox 996 1358 1155 1422; x_wconf 75' lang='lat' dir='ltr'>confugisse</span> <span class='ocrx_word' id='word_1_301' title='bbox 1185 1359 1334 1422; x_wconf 86' lang='lat' dir='ltr'>suspicatur</span> <span class='ocrx_word' id='word_1_302' title='bbox 1355 1355 1391 1402; x_wconf 83' lang='lat' dir='ltr'>vir</span> 
     </span>
     <span class='ocr_line' id='line_1_61' title="bbox 864 1423 1390 1490; baseline -0.01 -16"><span class='ocrx_word' id='word_1_303' title='bbox 864 1426 968 1488; x_wconf 87' lang='lat' dir='ltr'>doctus,</span> <span class='ocrx_word' id='word_1_304' title='bbox 981 1425 1070 1490; x_wconf 89' lang='lat' dir='ltr'>quide</span> <span class='ocrx_word' id='word_1_305' title='bbox 1082 1425 1214 1475; x_wconf 87' lang='lat' dir='ltr'>Herodoti</span> <span class='ocrx_word' id='word_1_306' title='bbox 1223 1423 1318 1484; x_wconf 79' lang='lat' dir='ltr'>verbis,</span> <span class='ocrx_word' id='word_1_307' title='bbox 1330 1436 1390 1486; x_wconf 88' lang='lat' dir='ltr'>quae</span> 
     </span>
     <span class='ocr_line' id='line_1_62' title="bbox 864 1489 1391 1557; baseline -0.008 -16"><span class='ocrx_word' id='word_1_308' title='bbox 864 1498 1027 1557; x_wconf 86' lang='lat' dir='ltr'>sequuntur,</span> <span class='ocrx_word' id='word_1_309' title='bbox 1047 1489 1096 1542; x_wconf 81' lang='grc' dir='ltr'><strong><em>καλ</em></strong></span> <span class='ocrx_word' id='word_1_310' title='bbox 1114 1490 1270 1557; x_wconf 80' lang='grc' dir='ltr'><strong><em>περίοικοι,</em></strong></span> <span class='ocrx_word' id='word_1_311' title='bbox 1291 1492 1328 1540; x_wconf 90' lang='lat' dir='ltr'>ita</span> <span class='ocrx_word' id='word_1_312' title='bbox 1343 1494 1391 1538; x_wconf 84' lang='lat' dir='ltr'>sta·</span> 
     </span>
     <span class='ocr_line' id='line_1_63' title="bbox 863 1560 1391 1625; baseline -0.011 -16"><span class='ocrx_word' id='word_1_313' title='bbox 863 1563 929 1609; x_wconf 84' lang='lat' dir='ltr'>tuit:</span> <span class='ocrx_word' id='word_1_314' title='bbox 950 1576 1023 1622; x_wconf 90' lang='lat' dir='ltr'>„nou</span> <span class='ocrx_word' id='word_1_315' title='bbox 1042 1562 1180 1625; x_wconf 83' lang='lat' dir='ltr'>fugientes</span> <span class='ocrx_word' id='word_1_316' title='bbox 1198 1564 1300 1610; x_wconf 84' lang='lat' dir='ltr'>tantum</span> <span class='ocrx_word' id='word_1_317' title='bbox 1314 1560 1391 1620; x_wconf 80' lang='lat' dir='ltr'>Cynu-</span> 
     </span>
     <span class='ocr_line' id='line_1_64' title="bbox 864 1626 1391 1693; baseline -0.009 -17"><span class='ocrx_word' id='word_1_318' title='bbox 864 1631 920 1678; x_wconf 90' lang='lat' dir='ltr'>rios</span> <span class='ocrx_word' id='word_1_319' title='bbox 933 1629 1096 1678; x_wconf 86' lang='lat' dir='ltr'>adiuverunt</span> <span class='ocrx_word' id='word_1_320' title='bbox 1107 1630 1216 1693; x_wconf 73' lang='lat' dir='ltr'>Argivi,</span> <span class='ocrx_word' id='word_1_321' title='bbox 1236 1628 1281 1677; x_wconf 88' lang='lat' dir='ltr'>sed</span> <span class='ocrx_word' id='word_1_322' title='bbox 1294 1626 1391 1675; x_wconf 87' lang='lat' dir='ltr'>relictos</span> 
     </span>
     <span class='ocr_line' id='line_1_65' title="bbox 865 1692 1392 1760; baseline -0.009 -15"><span class='ocrx_word' id='word_1_323' title='bbox 865 1712 970 1760; x_wconf 88' lang='lat' dir='ltr'>quoque</span> <span class='ocrx_word' id='word_1_324' title='bbox 988 1697 1092 1757; x_wconf 89' lang='lat' dir='ltr'>(senes,</span> <span class='ocrx_word' id='word_1_325' title='bbox 1118 1697 1255 1755; x_wconf 79' lang='lat' dir='ltr'>infantes,</span> <span class='ocrx_word' id='word_1_326' title='bbox 1278 1692 1392 1751; x_wconf 80' lang='lat' dir='ltr'>semines)</span> 
     </span>
     <span class='ocr_line' id='line_1_66' title="bbox 864 1763 1393 1829; baseline -0.013 -16"><span class='ocrx_word' id='word_1_327' title='bbox 864 1770 894 1812; x_wconf 90' lang='lat' dir='ltr'>ut</span> <span class='ocrx_word' id='word_1_328' title='bbox 909 1770 1050 1813; x_wconf 87' lang='lat' dir='ltr'>tuerentur</span> <span class='ocrx_word' id='word_1_329' title='bbox 1067 1763 1200 1814; x_wconf 83' lang='lat' dir='ltr'>adversus</span> <span class='ocrx_word' id='word_1_330' title='bbox 1213 1764 1393 1829; x_wconf 78' lang='lat' dir='ltr'>Spartanorum</span> 
     </span>
     <span class='ocr_line' id='line_1_67' title="bbox 863 1828 1394 1896; baseline -0.011 -16"><span class='ocrx_word' id='word_1_331' title='bbox 863 1831 993 1896; x_wconf 90' lang='lat' dir='ltr'>impetus,</span> <span class='ocrx_word' id='word_1_332' title='bbox 1012 1834 1148 1896; x_wconf 83' lang='lat' dir='ltr'>occupatlt</span> <span class='ocrx_word' id='word_1_333' title='bbox 1165 1831 1286 1895; x_wconf 76' lang='lat' dir='ltr'>Cynurit</span> <span class='ocrx_word' id='word_1_334' title='bbox 1302 1828 1394 1894; x_wconf 87' lang='lat' dir='ltr'>perioc-</span> 
     </span>
     <span class='ocr_line' id='line_1_68' title="bbox 864 1898 1394 1963; baseline -0.011 -14"><span class='ocrx_word' id='word_1_335' title='bbox 864 1914 910 1949; x_wconf 87' lang='lat' dir='ltr'>cos</span> <span class='ocrx_word' id='word_1_336' title='bbox 924 1900 1080 1949; x_wconf 77' lang='lat' dir='ltr'>iecerunt“</span> <span class='ocrx_word' id='word_1_337' title='bbox 1115 1901 1157 1949; x_wconf 82' lang='lat' dir='ltr'>Ex</span> <span class='ocrx_word' id='word_1_338' title='bbox 1174 1899 1229 1949; x_wconf 88' lang='lat' dir='ltr'>hac</span> <span class='ocrx_word' id='word_1_339' title='bbox 1246 1898 1327 1963; x_wconf 87' lang='lat' dir='ltr'>igitur</span> <span class='ocrx_word' id='word_1_340' title='bbox 1342 1909 1394 1944; x_wconf 89' lang='lat' dir='ltr'>sen·</span> 
     </span>
     <span class='ocr_line' id='line_1_69' title="bbox 863 1966 1395 2032; baseline -0.013 -16"><span class='ocrx_word' id='word_1_341' title='bbox 863 1968 952 2017; x_wconf 87' lang='lat' dir='ltr'>tentia</span> <span class='ocrx_word' id='word_1_342' title='bbox 963 1967 1075 2030; x_wconf 75' lang='lat' dir='ltr'>Cyuurii</span> <span class='ocrx_word' id='word_1_343' title='bbox 1087 1967 1189 2032; x_wconf 89' lang='lat' dir='ltr'>partim</span> <span class='ocrx_word' id='word_1_344' title='bbox 1199 1966 1316 2016; x_wconf 84' lang='lat' dir='ltr'>habendi</span> <span class='ocrx_word' id='word_1_345' title='bbox 1327 1966 1395 2013; x_wconf 79' lang='lat' dir='ltr'>sumt</span> 
     </span>
     <span class='ocr_line' id='line_1_70' title="bbox 862 2032 1394 2100; baseline -0.011 -16"><span class='ocrx_word' id='word_1_346' title='bbox 862 2035 983 2100; x_wconf 89' lang='lat' dir='ltr'>perioeci</span> <span class='ocrx_word' id='word_1_347' title='bbox 996 2035 1172 2097; x_wconf 75' lang='lat' dir='ltr'>Argivorum,</span> <span class='ocrx_word' id='word_1_348' title='bbox 1193 2034 1291 2100; x_wconf 88' lang='lat' dir='ltr'>partim</span> <span class='ocrx_word' id='word_1_349' title='bbox 1303 2032 1394 2081; x_wconf 85' lang='lat' dir='ltr'>Ornea-</span> 
     </span>
     <span class='ocr_line' id='line_1_71' title="bbox 864 2098 1456 2167; baseline -0.005 -15"><span class='ocrx_word' id='word_1_350' title='bbox 864 2110 924 2167; x_wconf 85' lang='lat' dir='ltr'>tae,</span> <span class='ocrx_word' id='word_1_351' title='bbox 947 2104 964 2152; x_wconf 92' lang='lat' dir='ltr'>i.</span> <span class='ocrx_word' id='word_1_352' title='bbox 980 2119 1004 2152; x_wconf 88' lang='lat' dir='ltr'>e.</span> <span class='ocrx_word' id='word_1_353' title='bbox 1023 2102 1129 2152; x_wconf 88' lang='lat' dir='ltr'>liberae</span> <span class='ocrx_word' id='word_1_354' title='bbox 1148 2103 1273 2153; x_wconf 83' lang='lat' dir='ltr'>civitatis</span> <span class='ocrx_word' id='word_1_355' title='bbox 1289 2098 1394 2157; x_wconf 87' lang='lat' dir='ltr'>incolae,</span> <span class='ocrx_word' id='word_1_356' title='bbox 1455 2144 1456 2149; x_wconf 75' lang='grc'>,</span> 
     </span>
     <span class='ocr_line' id='line_1_72' title="bbox 865 2168 1456 2235; baseline -0.008 -16"><span class='ocrx_word' id='word_1_357' title='bbox 865 2168 1054 2235; x_wconf 76' lang='lat' dir='ltr'>cum&#39;hrgivn</span> <span class='ocrx_word' id='word_1_358' title='bbox 1077 2171 1178 2220; x_wconf 89' lang='lat' dir='ltr'>iuncti:</span> <span class='ocrx_word' id='word_1_359' title='bbox 1207 2171 1243 2227; x_wconf 73' lang='lat' dir='ltr'>ad</span> <span class='ocrx_word' id='word_1_360' title='bbox 1262 2168 1323 2219; x_wconf 81' lang='lat' dir='ltr'>illos</span> <span class='ocrx_word' id='word_1_361' title='bbox 1342 2181 1394 2230; x_wconf 85' lang='lat' dir='ltr'>spe·</span> <span class='ocrx_word' id='word_1_362' title='bbox 1455 2200 1456 2207; x_wconf 31' lang='grc' dir='ltr'><strong><em>τ</em></strong></span> 
     </span>
     <span class='ocr_line' id='line_1_73' title="bbox 864 2233 1456 2302; baseline -0.017 -15"><span class='ocrx_word' id='word_1_363' title='bbox 864 2244 941 2288; x_wconf 89' lang='lat' dir='ltr'>ctare</span> <span class='ocrx_word' id='word_1_364' title='bbox 959 2244 1038 2302; x_wconf 85' lang='lat' dir='ltr'>putat</span> <span class='ocrx_word' id='word_1_365' title='bbox 1055 2238 1127 2288; x_wconf 85' lang='lat' dir='ltr'>idern</span> <span class='ocrx_word' id='word_1_366' title='bbox 1150 2239 1194 2288; x_wconf 77' lang='lat' dir='ltr'>vir</span> <span class='ocrx_word' id='word_1_367' title='bbox 1211 2238 1305 2288; x_wconf 82' lang='lat' dir='ltr'>doctus</span> <span class='ocrx_word' id='word_1_368' title='bbox 1320 2233 1396 2284; x_wconf 79' lang='lat' dir='ltr'>verba</span> <span class='ocrx_word' id='word_1_369' title='bbox 1455 2266 1456 2277; x_wconf 44' lang='lat' dir='ltr'>r</span> 
     </span>
     <span class='ocr_line' id='line_1_74' title="bbox 863 2296 1456 2384; baseline -0.013 -29"><span class='ocrx_word' id='word_1_370' title='bbox 863 2297 963 2355; x_wconf 76' lang='grc' dir='ltr'><strong><em>ὁπότε</em></strong></span> <span class='ocrx_word' id='word_1_371' title='bbox 978 2296 1106 2384; x_wconf 59' lang='lat' dir='ltr'>’saperes</span> <span class='ocrx_word' id='word_1_372' title='bbox 1122 2296 1292 2372; x_wconf 79' lang='grc' dir='ltr'><strong><em>οἶρχόμενοι,</em></strong></span> <span class='ocrx_word' id='word_1_373' title='bbox 1310 2302 1343 2353; x_wconf 86' lang='lat' dir='ltr'>ad</span> <span class='ocrx_word' id='word_1_374' title='bbox 1354 2300 1396 2350; x_wconf 90' lang='lat' dir='ltr'>hos</span> <span class='ocrx_word' id='word_1_375' title='bbox 1455 2310 1456 2323; x_wconf 62' lang='lat'>¹</span> 
     </span>
     <span class='ocr_line' id='line_1_75' title="bbox 863 2368 1456 2439; baseline -0.01 -16"><span class='ocrx_word' id='word_1_376' title='bbox 863 2373 949 2423; x_wconf 87' lang='lat' dir='ltr'>verba</span> <span class='ocrx_word' id='word_1_377' title='bbox 967 2375 1047 2437; x_wconf 84' lang='grc' dir='ltr'><strong><em>(οπο)</em></strong></span> <span class='ocrx_word' id='word_1_378' title='bbox 1063 2373 1116 2423; x_wconf 77' lang='grc' dir='ltr'>τοῦ</span> <span class='ocrx_word' id='word_1_379' title='bbox 1132 2368 1252 2439; x_wconf 79' lang='grc' dir='ltr'><strong><em>χρόνον,</em></strong></span> <span class='ocrx_word' id='word_1_380' title='bbox 1275 2385 1356 2436; x_wconf 84' lang='lat' dir='ltr'>acque</span> <span class='ocrx_word' id='word_1_381' title='bbox 1368 2382 1396 2417; x_wconf 85' lang='lat' dir='ltr'>ac</span> <span class='ocrx_word' id='word_1_382' title='bbox 1455 2408 1456 2411; x_wconf 66' lang='lat'>,</span> 
     </span>
     <span class='ocr_line' id='line_1_76' title="bbox 865 2434 1396 2509; baseline -0.008 -18"><span class='ocrx_word' id='word_1_383' title='bbox 865 2443 889 2491; x_wconf 92' lang='lat' dir='ltr'>si</span> <span class='ocrx_word' id='word_1_384' title='bbox 911 2442 1010 2490; x_wconf 84' lang='lat' dir='ltr'>Noster</span> <span class='ocrx_word' id='word_1_385' title='bbox 1029 2442 1203 2508; x_wconf 77' lang='lat' dir='ltr'>scripsisset:</span> <span class='ocrx_word' id='word_1_386' title='bbox 1231 2443 1319 2491; x_wconf 87' lang='lat' dir='ltr'>Dores</span> <span class='ocrx_word' id='word_1_387' title='bbox 1335 2434 1396 2509; x_wconf 71' lang='lat' dir='ltr'>facti</span> 
     </span>
     <span class='ocr_line' id='line_1_77' title="bbox 864 2495 1396 2578; baseline -0.009 -19"><span class='ocrx_word' id='word_1_388' title='bbox 864 2514 928 2559; x_wconf 91' lang='lat' dir='ltr'>sunt</span> <span class='ocrx_word' id='word_1_389' title='bbox 940 2509 1053 2572; x_wconf 81' lang='lat' dir='ltr'>Cynurii</span> <span class='ocrx_word' id='word_1_390' title='bbox 1066 2501 1123 2559; x_wconf 73' lang='grc' dir='ltr'>ὑπό</span> <span class='ocrx_word' id='word_1_391' title='bbox 1134 2523 1164 2559; x_wconf 88' lang='grc' dir='ltr'>τε</span> <span class='ocrx_word' id='word_1_392' title='bbox 1181 2501 1309 2574; x_wconf 76' lang='grc' dir='ltr'><strong><em>Ἀργείων</em></strong></span> <span class='ocrx_word' id='word_1_393' title='bbox 1322 2495 1396 2578; x_wconf 61' lang='grc' dir='ltr'><strong><em>ἆρχε·</em></strong></span> 
     </span>
     <span class='ocr_line' id='line_1_78' title="bbox 863 2568 1396 2650; baseline -0.008 -22"><span class='ocrx_word' id='word_1_394' title='bbox 863 2592 946 2650; x_wconf 73' lang='grc' dir='ltr'><strong><em>μενοι</em></strong></span> <span class='ocrx_word' id='word_1_395' title='bbox 958 2577 1101 2641; x_wconf 81' lang='grc' dir='ltr'><strong><em>περίοικοι</em></strong></span> <span class='ocrx_word' id='word_1_396' title='bbox 1114 2568 1210 2636; x_wconf 74' lang='grc' dir='ltr'><strong><em>ἐόντες</em></strong></span> <span class='ocrx_word' id='word_1_397' title='bbox 1222 2572 1331 2627; x_wconf 75' lang='grc' dir='ltr'><strong><em>καὶτοῦ</em></strong></span> <span class='ocrx_word' id='word_1_398' title='bbox 1342 2584 1396 2647; x_wconf 55' lang='grc' dir='ltr'><strong><em>χοε</em></strong></span> 
     </span>
     <span class='ocr_line' id='line_1_79' title="bbox 865 2636 1398 2716; baseline -0.009 -22"><span class='ocrx_word' id='word_1_399' title='bbox 865 2660 917 2695; x_wconf 87' lang='grc' dir='ltr'>νον</span> <span class='ocrx_word' id='word_1_400' title='bbox 939 2643 1086 2710; x_wconf 87' lang='grc' dir='ltr'><strong><em>Ὀρνεῆται</em></strong></span> <span class='ocrx_word' id='word_1_401' title='bbox 1105 2636 1211 2704; x_wconf 73' lang='grc' dir='ltr'><strong><em>ἐόντες.</em></strong></span> <span class='ocrx_word' id='word_1_402' title='bbox 1247 2646 1323 2706; x_wconf 79' lang='lat' dir='ltr'>Quae</span> <span class='ocrx_word' id='word_1_403' title='bbox 1337 2638 1398 2716; x_wconf 67' lang='lat' dir='ltr'>milri</span> 
     </span>
     <span class='ocr_line' id='line_1_80' title="bbox 864 2713 1398 2782; baseline -0.002 -21"><span class='ocrx_word' id='word_1_404' title='bbox 864 2714 1016 2777; x_wconf 84' lang='lat' dir='ltr'>speciosius</span> <span class='ocrx_word' id='word_1_405' title='bbox 1025 2729 1106 2778; x_wconf 86' lang='lat' dir='ltr'>quam</span> <span class='ocrx_word' id='word_1_406' title='bbox 1116 2715 1211 2764; x_wconf 86' lang='lat' dir='ltr'>verius</span> <span class='ocrx_word' id='word_1_407' title='bbox 1220 2713 1355 2778; x_wconf 83' lang='lat' dir='ltr'>disputata</span> <span class='ocrx_word' id='word_1_408' title='bbox 1366 2722 1398 2782; x_wconf 53' lang='lat' dir='ltr'>vl:</span> 
     </span>
     <span class='ocr_line' id='line_1_81' title="bbox 864 2775 1399 2847; baseline -0.019 -18"><span class='ocrx_word' id='word_1_409' title='bbox 864 2781 964 2830; x_wconf 87' lang='lat' dir='ltr'>dentur</span> <span class='ocrx_word' id='word_1_410' title='bbox 984 2797 1073 2845; x_wconf 86' lang='lat' dir='ltr'>neque</span> <span class='ocrx_word' id='word_1_411' title='bbox 1101 2797 1161 2831; x_wconf 88' lang='lat' dir='ltr'>cum</span> <span class='ocrx_word' id='word_1_412' title='bbox 1186 2782 1255 2847; x_wconf 90' lang='lat' dir='ltr'>ipsis</span> <span class='ocrx_word' id='word_1_413' title='bbox 1277 2775 1399 2828; x_wconf 81' lang='lat' dir='ltr'>Herodoti</span> 
     </span>
     <span class='ocr_line' id='line_1_82' title="bbox 863 2842 1398 2914; baseline -0.013 -17"><span class='ocrx_word' id='word_1_414' title='bbox 863 2849 957 2898; x_wconf 85' lang='lat' dir='ltr'>verbis</span> <span class='ocrx_word' id='word_1_415' title='bbox 974 2850 1169 2914; x_wconf 83' lang='lat' dir='ltr'>congruentia,</span> <span class='ocrx_word' id='word_1_416' title='bbox 1192 2865 1264 2914; x_wconf 86' lang='lat' dir='ltr'>quae</span> <span class='ocrx_word' id='word_1_417' title='bbox 1281 2846 1348 2896; x_wconf 87' lang='lat' dir='ltr'>banc</span> <span class='ocrx_word' id='word_1_418' title='bbox 1363 2842 1398 2892; x_wconf 86' lang='lat' dir='ltr'>in·</span> 
     </span>
     <span class='ocr_line' id='line_1_83' title="bbox 864 2909 1398 2981; baseline -0.006 -17"><span class='ocrx_word' id='word_1_419' title='bbox 864 2918 1106 2981; x_wconf 87' lang='lat' dir='ltr'>terpretationem‚</span> <span class='ocrx_word' id='word_1_420' title='bbox 1124 2924 1154 2966; x_wconf 87' lang='lat' dir='ltr'>ut</span> <span class='ocrx_word' id='word_1_421' title='bbox 1172 2917 1299 2981; x_wconf 84' lang='lat' dir='ltr'>equidem</span> <span class='ocrx_word' id='word_1_422' title='bbox 1316 2909 1398 2963; x_wconf 82' lang='lat' dir='ltr'>existi·</span> 
     </span>
     <span class='ocr_line' id='line_1_84' title="bbox 865 2984 1398 3048; baseline -0.013 -14"><span class='ocrx_word' id='word_1_423' title='bbox 865 3001 915 3046; x_wconf 88' lang='lat' dir='ltr'>mo,</span> <span class='ocrx_word' id='word_1_424' title='bbox 930 2985 1041 3033; x_wconf 91' lang='lat' dir='ltr'>minime</span> <span class='ocrx_word' id='word_1_425' title='bbox 1052 2985 1210 3048; x_wconf 86' lang='lat' dir='ltr'>admittunt,</span> <span class='ocrx_word' id='word_1_426' title='bbox 1221 2985 1269 3035; x_wconf 89' lang='lat' dir='ltr'>sed</span> <span class='ocrx_word' id='word_1_427' title='bbox 1281 2997 1338 3032; x_wconf 90' lang='lat' dir='ltr'>eum</span> <span class='ocrx_word' id='word_1_428' title='bbox 1347 2984 1398 3027; x_wconf 83' lang='lat' dir='ltr'>tan·</span> 
     </span>
     <span class='ocr_line' id='line_1_85' title="bbox 865 3044 1399 3118; baseline -0.009 -18"><span class='ocrx_word' id='word_1_429' title='bbox 865 3060 920 3101; x_wconf 89' lang='lat' dir='ltr'>tum</span> <span class='ocrx_word' id='word_1_430' title='bbox 933 3053 962 3101; x_wconf 89' lang='lat' dir='ltr'>in</span> <span class='ocrx_word' id='word_1_431' title='bbox 974 3052 1082 3101; x_wconf 89' lang='lat' dir='ltr'>modum</span> <span class='ocrx_word' id='word_1_432' title='bbox 1096 3068 1175 3117; x_wconf 86' lang='lat' dir='ltr'>quem</span> <span class='ocrx_word' id='word_1_433' title='bbox 1191 3068 1277 3118; x_wconf 88' lang='lat' dir='ltr'>supra</span> <span class='ocrx_word' id='word_1_434' title='bbox 1288 3044 1399 3100; x_wconf 80' lang='lat' dir='ltr'>indicavi</span> 
     </span>
     <span class='ocr_line' id='line_1_86' title="bbox 865 3112 1398 3185; baseline -0.009 -15"><span class='ocrx_word' id='word_1_435' title='bbox 865 3120 956 3184; x_wconf 83' lang='lat' dir='ltr'>accipi</span> <span class='ocrx_word' id='word_1_436' title='bbox 968 3125 1089 3185; x_wconf 87' lang='lat' dir='ltr'>possunt.</span> <span class='ocrx_word' id='word_1_437' title='bbox 1120 3120 1178 3170; x_wconf 90' lang='lat' dir='ltr'>Nec</span> <span class='ocrx_word' id='word_1_438' title='bbox 1191 3121 1311 3184; x_wconf 85' lang='lat' dir='ltr'>denique</span> <span class='ocrx_word' id='word_1_439' title='bbox 1323 3112 1398 3166; x_wconf 85' lang='lat' dir='ltr'>adsti-</span> 
     </span>
     <span class='ocr_line' id='line_1_87' title="bbox 863 3177 1399 3255; baseline -0.006 -18"><span class='ocrx_word' id='word_1_440' title='bbox 863 3188 942 3253; x_wconf 88' lang='lat' dir='ltr'>pulor</span> <span class='ocrx_word' id='word_1_441' title='bbox 955 3188 1132 3249; x_wconf 74' lang='lat' dir='ltr'>&#39;l‘hierschio,</span> <span class='ocrx_word' id='word_1_442' title='bbox 1151 3190 1199 3252; x_wconf 85' lang='lat' dir='ltr'>qui</span> <span class='ocrx_word' id='word_1_443' title='bbox 1212 3189 1231 3237; x_wconf 92' lang='lat' dir='ltr'>l.</span> <span class='ocrx_word' id='word_1_444' title='bbox 1245 3187 1263 3238; x_wconf 86' lang='lat' dir='ltr'>l.</span> <span class='ocrx_word' id='word_1_445' title='bbox 1282 3201 1344 3253; x_wconf 86' lang='lat' dir='ltr'>pag.</span> <span class='ocrx_word' id='word_1_446' title='bbox 1355 3177 1399 3255; x_wconf 59' lang='lat' dir='ltr'>5]ss</span> 
     </span>
     <span class='ocr_line' id='line_1_88' title="bbox 864 3242 1399 3306; baseline -0.007 -2"><span class='ocrx_word' id='word_1_447' title='bbox 864 3256 997 3306; x_wconf 87' lang='lat' dir='ltr'>Herodoti</span> <span class='ocrx_word' id='word_1_448' title='bbox 1009 3256 1095 3306; x_wconf 85' lang='lat' dir='ltr'>verba</span> <span class='ocrx_word' id='word_1_449' title='bbox 1108 3258 1148 3305; x_wconf 89' lang='lat' dir='ltr'>ita</span> <span class='ocrx_word' id='word_1_450' title='bbox 1158 3257 1248 3306; x_wconf 88' lang='lat' dir='ltr'>scribi</span> <span class='ocrx_word' id='word_1_451' title='bbox 1258 3255 1327 3305; x_wconf 89' lang='lat' dir='ltr'>vult:</span> <span class='ocrx_word' id='word_1_452' title='bbox 1345 3242 1399 3302; x_wconf 55' lang='lat' dir='ltr'>aa</span> 
     </span>
     <span class='ocr_line' id='line_1_89' title="bbox 864 3313 1397 3383; baseline -0.017 -11"><span class='ocrx_word' id='word_1_453' title='bbox 864 3339 909 3381; x_wconf 91' lang='grc' dir='ltr'>τες</span> <span class='ocrx_word' id='word_1_454' title='bbox 925 3319 985 3373; x_wconf 79' lang='grc' dir='ltr'><strong><em>καὶ</em></strong></span> <span class='ocrx_word' id='word_1_455' title='bbox 1002 3313 1230 3383; x_wconf 73' lang='grc' dir='ltr'><strong><em>αὖτολἼωνες</em></strong></span> <span class='ocrx_word' id='word_1_456' title='bbox 1246 3318 1284 3373; x_wconf 83' lang='grc' dir='ltr'>τὸ</span> <span class='ocrx_word' id='word_1_457' title='bbox 1300 3316 1397 3371; x_wconf 80' lang='grc' dir='ltr'><strong><em>παλαι</em></strong></span> 
     </span>
     <span class='ocr_line' id='line_1_90' title="bbox 860 3381 1398 3457; baseline -0.015 -17"><span class='ocrx_word' id='word_1_458' title='bbox 860 3381 1008 3457; x_wconf 74' lang='grc' dir='ltr'><strong><em>Ὀρνεῆται</em></strong></span> <span class='ocrx_word' id='word_1_459' title='bbox 1020 3388 1070 3442; x_wconf 83' lang='grc' dir='ltr'><strong><em>καλ</em></strong></span> <span class='ocrx_word' id='word_1_460' title='bbox 1085 3385 1119 3443; x_wconf 76' lang='grc' dir='ltr'>οἱ</span> <span class='ocrx_word' id='word_1_461' title='bbox 1129 3391 1283 3456; x_wconf 83' lang='grc' dir='ltr'><strong><em>περίοικοι.</em></strong></span> <span class='ocrx_word' id='word_1_462' title='bbox 1301 3387 1398 3439; x_wconf 76' lang='lat' dir='ltr'>Articu-</span> 
     </span>
     <span class='ocr_line' id='line_1_91' title="bbox 863 3453 1400 3525; baseline -0.009 -18"><span class='ocrx_word' id='word_1_463' title='bbox 863 3459 919 3508; x_wconf 89' lang='lat' dir='ltr'>lum</span> <span class='ocrx_word' id='word_1_464' title='bbox 937 3453 966 3511; x_wconf 80' lang='grc' dir='ltr'>ολ</span> <span class='ocrx_word' id='word_1_465' title='bbox 978 3464 1041 3510; x_wconf 86' lang='lat' dir='ltr'>ante</span> <span class='ocrx_word' id='word_1_466' title='bbox 1054 3458 1197 3524; x_wconf 87' lang='grc' dir='ltr'><strong><em>περίοικοι</em></strong></span> <span class='ocrx_word' id='word_1_467' title='bbox 1216 3460 1311 3525; x_wconf 85' lang='lat' dir='ltr'>utique</span> <span class='ocrx_word' id='word_1_468' title='bbox 1323 3454 1400 3506; x_wconf 83' lang='lat' dir='ltr'>babet</span> 
     </span>
     <span class='ocr_line' id='line_1_92' title="bbox 862 3520 1399 3592; baseline -0.013 -16"><span class='ocrx_word' id='word_1_469' title='bbox 862 3527 1040 3578; x_wconf 84' lang='lat' dir='ltr'>Florentiuus</span> <span class='ocrx_word' id='word_1_470' title='bbox 1064 3543 1188 3592; x_wconf 86' lang='lat' dir='ltr'>unusque</span> <span class='ocrx_word' id='word_1_471' title='bbox 1214 3528 1286 3578; x_wconf 90' lang='lat' dir='ltr'>liber</span> <span class='ocrx_word' id='word_1_472' title='bbox 1306 3520 1399 3574; x_wconf 83' lang='lat' dir='ltr'>Parisi-</span> 
     </span>
     <span class='ocr_line' id='line_1_93' title="bbox 862 3588 1398 3658; baseline 0 -15"><span class='ocrx_word' id='word_1_473' title='bbox 862 3610 927 3658; x_wconf 90' lang='lat' dir='ltr'>nus,</span> <span class='ocrx_word' id='word_1_474' title='bbox 951 3595 1024 3644; x_wconf 87' lang='lat' dir='ltr'>haud</span> <span class='ocrx_word' id='word_1_475' title='bbox 1046 3597 1236 3646; x_wconf 88' lang='lat' dir='ltr'>necessarium</span> <span class='ocrx_word' id='word_1_476' title='bbox 1257 3594 1332 3645; x_wconf 86' lang='lat' dir='ltr'>iilum</span> <span class='ocrx_word' id='word_1_477' title='bbox 1347 3588 1398 3654; x_wconf 74' lang='lat' dir='ltr'>qui·</span> 
     </span>
     <span class='ocr_line' id='line_1_94' title="bbox 863 3662 1400 3728; baseline -0.004 -17"><span class='ocrx_word' id='word_1_478' title='bbox 863 3662 925 3712; x_wconf 89' lang='lat' dir='ltr'>dem</span> <span class='ocrx_word' id='word_1_479' title='bbox 941 3663 1059 3728; x_wconf 90' lang='lat' dir='ltr'>indeque</span> <span class='ocrx_word' id='word_1_480' title='bbox 1081 3664 1273 3714; x_wconf 87' lang='lat' dir='ltr'>abiiciendurn</span> <span class='ocrx_word' id='word_1_481' title='bbox 1293 3675 1353 3712; x_wconf 84' lang='lat' dir='ltr'>mes</span> <span class='ocrx_word' id='word_1_482' title='bbox 1371 3671 1400 3705; x_wconf 80' lang='lat' dir='ltr'>ex</span> 
     </span>
     <span class='ocr_line' id='line_1_95' title="bbox 862 3731 1010 3784; baseline 0.027 -4"><span class='ocrx_word' id='word_1_483' title='bbox 862 3731 1010 3784; x_wconf 86' lang='lat' dir='ltr'>sententia.</span> 
     </span>
    </p>

    <p class='ocr_par' dir='ltr' id='par_1_6' title="bbox 861 3789 1401 4136">
     <span class='ocr_line' id='line_1_96' title="bbox 901 3789 1399 3864; baseline -0.006 -17"><span class='ocrx_word' id='word_1_484' title='bbox 901 3789 992 3862; x_wconf 77' lang='grc' dir='ltr'><strong><em>πάρεξ</em></strong></span> <span class='ocrx_word' id='word_1_485' title='bbox 1016 3797 1072 3849; x_wconf 79' lang='grc' dir='ltr'>των</span> <span class='ocrx_word' id='word_1_486' title='bbox 1095 3793 1244 3864; x_wconf 78' lang='grc' dir='ltr'><strong><em>κατέλεξα]</em></strong></span> <span class='ocrx_word' id='word_1_487' title='bbox 1274 3800 1317 3848; x_wconf 88' lang='lat' dir='ltr'>De</span> <span class='ocrx_word' id='word_1_488' title='bbox 1339 3807 1399 3845; x_wconf 79' lang='lat' dir='ltr'>voce</span> 
     </span>
     <span class='ocr_line' id='line_1_97' title="bbox 861 3859 1401 3930; baseline -0.002 -15"><span class='ocrx_word' id='word_1_489' title='bbox 861 3859 952 3930; x_wconf 76' lang='grc' dir='ltr'><strong><em>πάρεξ</em></strong></span> <span class='ocrx_word' id='word_1_490' title='bbox 970 3868 1041 3917; x_wconf 83' lang='lat' dir='ltr'>coni.</span> <span class='ocrx_word' id='word_1_491' title='bbox 1059 3874 1127 3917; x_wconf 89' lang='lat' dir='ltr'>nott.</span> <span class='ocrx_word' id='word_1_492' title='bbox 1146 3868 1181 3917; x_wconf 90' lang='lat' dir='ltr'>ad</span> <span class='ocrx_word' id='word_1_493' title='bbox 1197 3869 1255 3929; x_wconf 91' lang='lat' dir='ltr'>Ill,</span> <span class='ocrx_word' id='word_1_494' title='bbox 1273 3866 1307 3917; x_wconf 82' lang='lat'>97</span> <span class='ocrx_word' id='word_1_495' title='bbox 1328 3868 1354 3914; x_wconf 89' lang='lat' dir='ltr'>et</span> <span class='ocrx_word' id='word_1_496' title='bbox 1369 3859 1401 3910; x_wconf 72' lang='lat' dir='ltr'>ad</span> 
     </span>
     <span class='ocr_line' id='line_1_98' title="bbox 861 3926 1398 4001; baseline -0.004 -16"><span class='ocrx_word' id='word_1_497' title='bbox 861 3950 945 3985; x_wconf 83' lang='lat' dir='ltr'>voces</span> <span class='ocrx_word' id='word_1_498' title='bbox 969 3926 1001 3986; x_wconf 76' lang='grc' dir='ltr'>ἐκ</span> <span class='ocrx_word' id='word_1_499' title='bbox 1022 3934 1074 3985; x_wconf 82' lang='grc' dir='ltr'>τοῦ</span> <span class='ocrx_word' id='word_1_500' title='bbox 1090 3929 1178 4001; x_wconf 74' lang='grc' dir='ltr'><strong><em>μέσον</em></strong></span> <span class='ocrx_word' id='word_1_501' title='bbox 1197 3927 1334 3986; x_wconf 76' lang='grc' dir='ltr'><strong><em>ἒκατέατο</em></strong></span> <span class='ocrx_word' id='word_1_502' title='bbox 1350 3927 1398 3978; x_wconf 78' lang='lat' dir='ltr'>vid·</span> 
     </span>
     <span class='ocr_line' id='line_1_99' title="bbox 861 3996 1401 4065; baseline -0.011 -13"><span class='ocrx_word' id='word_1_503' title='bbox 861 4007 930 4053; x_wconf 82' lang='lat' dir='ltr'>nott.</span> <span class='ocrx_word' id='word_1_504' title='bbox 948 4003 983 4052; x_wconf 87' lang='lat' dir='ltr'>ad</span> <span class='ocrx_word' id='word_1_505' title='bbox 1000 4005 1058 4065; x_wconf 86' lang='lat'>111,</span> <span class='ocrx_word' id='word_1_506' title='bbox 1073 4004 1115 4055; x_wconf 79' lang='lat'>83.</span> <span class='ocrx_word' id='word_1_507' title='bbox 1151 4003 1280 4055; x_wconf 87' lang='lat' dir='ltr'>Dietsch.</span> <span class='ocrx_word' id='word_1_508' title='bbox 1298 3996 1401 4064; x_wconf 83' lang='lat' dir='ltr'>scripsit</span> 
     </span>
     <span class='ocr_line' id='line_1_100' title="bbox 861 4064 1400 4136; baseline -0.007 -16"><span class='ocrx_word' id='word_1_509' title='bbox 861 4064 995 4133; x_wconf 81' lang='grc' dir='ltr'><strong><em>κατέατο,</em></strong></span> <span class='ocrx_word' id='word_1_510' title='bbox 1026 4071 1124 4136; x_wconf 90' lang='lat' dir='ltr'>reliqui</span> <span class='ocrx_word' id='word_1_511' title='bbox 1147 4071 1210 4121; x_wconf 87' lang='lat' dir='ltr'>edd.</span> <span class='ocrx_word' id='word_1_512' title='bbox 1237 4068 1400 4121; x_wconf 80' lang='lat' dir='ltr'>retinuerunt</span> 
     </span>
    </p>
   </div>
   <div class='ocr_carea' id='block_1_6' title="bbox 267 4132 1399 4205">
    <p class='ocr_par' dir='ltr' id='par_1_7' title="bbox 267 4132 1399 4205">
     <span class='ocr_line' id='line_1_101' title="bbox 267 4132 1399 4205; baseline 0.003 -23"><span class='ocrx_word' id='word_1_513' title='bbox 267 4133 333 4182; x_wconf 90' lang='lat' dir='ltr'>mihi</span> <span class='ocrx_word' id='word_1_514' title='bbox 353 4135 492 4198; x_wconf 85' lang='lat' dir='ltr'>persuasit</span> <span class='ocrx_word' id='word_1_515' title='bbox 508 4136 592 4184; x_wconf 84' lang='lat' dir='ltr'>Henr.</span> <span class='ocrx_word' id='word_1_516' title='bbox 611 4135 739 4195; x_wconf 85' lang='lat' dir='ltr'>Fischer,</span> <span class='ocrx_word' id='word_1_517' title='bbox 763 4132 827 4199; x_wconf 78' lang='lat' dir='ltr'>qui&#39;</span> <span class='ocrx_word' id='word_1_518' title='bbox 855 4138 1018 4203; x_wconf 67' lang='lat' dir='ltr'>vulgatam</span> <span class='ocrx_word' id='word_1_519' title='bbox 1037 4140 1070 4190; x_wconf 92' lang='lat' dir='ltr'>de</span> <span class='ocrx_word' id='word_1_520' title='bbox 1088 4142 1149 4205; x_wconf 90' lang='lat' dir='ltr'>ipsa</span> <span class='ocrx_word' id='word_1_521' title='bbox 1166 4139 1259 4189; x_wconf 81' lang='lat' dir='ltr'>forms</span> <span class='ocrx_word' id='word_1_522' title='bbox 1275 4138 1329 4189; x_wconf 81' lang='lat' dir='ltr'>rid.</span> <span class='ocrx_word' id='word_1_523' title='bbox 1340 4137 1399 4185; x_wconf 81' lang='lat' dir='ltr'>Bre</span> 
     </span>
    </p>
   </div>
   <div class='ocr_carea' id='block_1_7' title="bbox 266 4201 810 4408">
    <p class='ocr_par' dir='ltr' id='par_1_8' title="bbox 266 4201 810 4408">
     <span class='ocr_line' id='line_1_102' title="bbox 266 4201 810 4267; baseline 0.009 -18"><span class='ocrx_word' id='word_1_524' title='bbox 266 4201 339 4251; x_wconf 89' lang='lat' dir='ltr'>huuc</span> <span class='ocrx_word' id='word_1_525' title='bbox 349 4202 483 4252; x_wconf 86' lang='lat' dir='ltr'>Herodoti</span> <span class='ocrx_word' id='word_1_526' title='bbox 493 4203 582 4252; x_wconf 87' lang='lat' dir='ltr'>locum</span> <span class='ocrx_word' id='word_1_527' title='bbox 592 4203 687 4267; x_wconf 91' lang='lat' dir='ltr'>attigit</span> <span class='ocrx_word' id='word_1_528' title='bbox 695 4204 723 4251; x_wconf 90' lang='lat' dir='ltr'>in</span> <span class='ocrx_word' id='word_1_529' title='bbox 732 4204 810 4254; x_wconf 87' lang='lat' dir='ltr'>Com·</span> 
     </span>
     <span class='ocr_line' id='line_1_103' title="bbox 267 4271 809 4337; baseline 0.009 -19"><span class='ocrx_word' id='word_1_530' title='bbox 267 4272 449 4335; x_wconf 86' lang='lat' dir='ltr'>mentatione,</span> <span class='ocrx_word' id='word_1_531' title='bbox 467 4287 538 4336; x_wconf 87' lang='lat' dir='ltr'>quae</span> <span class='ocrx_word' id='word_1_532' title='bbox 551 4271 737 4323; x_wconf 75' lang='lat' dir='ltr'>vratislaviae</span> <span class='ocrx_word' id='word_1_533' title='bbox 750 4289 809 4337; x_wconf 89' lang='lat' dir='ltr'>pro·</span> 
     </span>
     <span class='ocr_line' id='line_1_104' title="bbox 266 4337 809 4408; baseline 0.004 -19"><span class='ocrx_word' id='word_1_534' title='bbox 266 4337 318 4389; x_wconf 88' lang='lat' dir='ltr'>diit</span> <span class='ocrx_word' id='word_1_535' title='bbox 336 4339 414 4391; x_wconf 78' lang='lat'><strong>1851:</strong></span> <span class='ocrx_word' id='word_1_536' title='bbox 435 4341 538 4392; x_wconf 86' lang='lat' dir='ltr'>Histor.</span> <span class='ocrx_word' id='word_1_537' title='bbox 559 4340 654 4405; x_wconf 75' lang='lat' dir='ltr'>Argia.</span> <span class='ocrx_word' id='word_1_538' title='bbox 672 4342 809 4408; x_wconf 83' lang='lat' dir='ltr'>Pragmm.</span> 
     </span>
    </p>
   </div>
   <div class='ocr_carea' id='block_1_8' title="bbox 861 4204 1401 4413">
    <p class='ocr_par' dir='ltr' id='par_1_9' title="bbox 861 4204 1401 4413">
     <span class='ocr_line' id='line_1_105' title="bbox 862 4204 1399 4273; baseline 0 -17"><span class='ocrx_word' id='word_1_539' title='bbox 862 4207 923 4257; x_wconf 77' lang='grc' dir='ltr'><strong><em>(λον.</em></strong></span> <span class='ocrx_word' id='word_1_540' title='bbox 937 4224 1000 4273; x_wconf 88' lang='lat' dir='ltr'>pag.</span> <span class='ocrx_word' id='word_1_541' title='bbox 1015 4206 1077 4258; x_wconf 82' lang='lat'><strong>329:</strong></span> <span class='ocrx_word' id='word_1_542' title='bbox 1102 4224 1162 4259; x_wconf 89' lang='lat' dir='ltr'>cum</span> <span class='ocrx_word' id='word_1_543' title='bbox 1180 4208 1236 4258; x_wconf 88' lang='lat' dir='ltr'>hoe</span> <span class='ocrx_word' id='word_1_544' title='bbox 1255 4207 1351 4258; x_wconf 89' lang='lat' dir='ltr'>eodem</span> <span class='ocrx_word' id='word_1_545' title='bbox 1367 4204 1399 4267; x_wconf 75' lang='lat' dir='ltr'>lp·</span> 
     </span>
     <span class='ocr_line' id='line_1_106' title="bbox 861 4269 1401 4342; baseline 0 -18"><span class='ocrx_word' id='word_1_546' title='bbox 861 4274 921 4338; x_wconf 75' lang='lat'>266)</span> <span class='ocrx_word' id='word_1_547' title='bbox 943 4276 1027 4342; x_wconf 88' lang='lat' dir='ltr'>paulo</span> <span class='ocrx_word' id='word_1_548' title='bbox 1045 4282 1129 4328; x_wconf 86' lang='lat' dir='ltr'>antea</span> <span class='ocrx_word' id='word_1_549' title='bbox 1150 4276 1216 4326; x_wconf 88' lang='lat' dir='ltr'>dedi</span> <span class='ocrx_word' id='word_1_550' title='bbox 1234 4293 1250 4327; x_wconf 92' lang='lat' dir='ltr'>e</span> <span class='ocrx_word' id='word_1_551' title='bbox 1268 4269 1401 4327; x_wconf 80' lang='lat' dir='ltr'>Sancrot&#39;ti</span> 
     </span>
     <span class='ocr_line' id='line_1_107' title="bbox 861 4338 1205 4413; baseline 0.006 -20"><span class='ocrx_word' id='word_1_552' title='bbox 861 4344 930 4395; x_wconf 90' lang='lat' dir='ltr'>libro</span> <span class='ocrx_word' id='word_1_553' title='bbox 942 4339 1039 4405; x_wconf 78' lang='grc' dir='ltr'><strong><em>πόλιες</em></strong></span> <span class='ocrx_word' id='word_1_554' title='bbox 1050 4362 1099 4413; x_wconf 92' lang='lat' dir='ltr'>pro</span> <span class='ocrx_word' id='word_1_555' title='bbox 1112 4338 1205 4406; x_wconf 85' lang='grc' dir='ltr'><strong><em>πόλις.</em></strong></span> 
     </span>
    </p>
   </div>
   <div class='ocr_carea' id='block_1_9' title="bbox 0 0 1481 5156">
    <p class='ocr_par' dir='ltr' id='par_1_10' title="bbox 0 0 1481 5156">
     <span class='ocr_line' id='line_1_108' title="bbox 0 0 1481 5156; baseline 0 0"><span class='ocrx_word' id='word_1_556' title='bbox 0 0 1481 5156; x_wconf 95' lang='lat' dir='ltr'> </span> 
     </span>
    </p>
   </div>
  </div>
 </body>
</html>
