2932 5124
222 339 284 399 222
656 331 927 394 HERODOTI

222 502 281 575 τόν
298 507 450 593 Πέρσην,
479 506 533 574 καὶ
556 506 817 595 συμπροέπεμψέ
835 531 871 573 τε
890 499 1008 593 Θώρηξ
1026 496 1044 573 ό
1062 508 1267 593 Ληρισσαϊυς
1282 504 1365 593 &sp

222 611 280 690 ξεα
297 604 477 696 φεύγοντα,
495 607 551 675 καὶ
568 603 641 675 τότε
661 609 696 675 ἐκ
713 609 775 675 τοῦ
791 608 943 696 φανεροῦ
959 607 1086 695 παρῆκε
1098 602 1298 694 Μαρδόνιον
1311 607 1366 674 ἐπὶ

196 705 283 795 2τὴν
303 703 451 779 Ἑλλάδα.
485 702 573 778 Ἐπεὶ
599 707 636 775 δὲ
660 704 882 796 πορευόμενος
899 712 1026 793 γίνεται
1042 700 1061 776 ό
1079 702 1216 797 στρατός
1235 709 1272 777 έν
1289 716 1367 777 Βοι-

223 826 346 898 ωτοῖσι,
365 814 399 879 οἱ
415 814 556 897 Θηβαῖοι
574 804 825 898 κατελάμβανον
841 804 900 878 τόν
910 805 1110 899 Μαρδόνιον
1128 809 1183 877 καὶ
1200 806 1366 896 συνεβού-

222 919 324 980 λευον
345 907 453 1003 αὐτῷ,
478 913 647 997 λέγοντες,
673 905 717 989 ὦς
739 906 801 979 oda
825 919 876 997 sin
898 912 1003 1000 χῶρος
1027 907 1284 999 ἐπιτηδειότερος
1308 912 1415 980 ἔνι-612

222 1009 545 1104 στρατοπεδεύεσθαι
564 1014 711 1099 ἐκείνου,
729 1006 809 1080 οὐδὲ
828 1017 892 1081 ἔων
911 1012 996 1081 ἰέναι
1015 1012 1197 1100 ἑκαστέρω,
1214 1006 1286 1080 ἀλλ’
1305 1008 1366 1080 αὖ·

221 1117 283 1183 τοῦ
300 1112 450 1204 ἱζόμενον
472 1114 614 1201 ποιέειν,
638 1108 724 1194 ὅκως
741 1108 882 1203 ἀμαχητὶ
899 1109 962 1201 τὴν
979 1115 1090 1183 πᾶσαν
1102 1107 1242 1183 Ἑλλάδα
1265 1141 1367 1183 κατα-

223 1314 345 1378 ,,μαόαπι.
364 1312 480 1376 Propius
493 1312 611 1361 fortasse
625 1310 660 1360 sd
673 1316 767 1361 sueto·
818 1311 892 1361 ueris
902 1326 985 1362 voees
995 1310 1116 1376 simplici
1125 1310 1209 1361 litere
1218 1309 1239 1362 ο·
1249 1327 1368 1363 exarsu-

222 1382 280 1445 „ris
297 1386 416 1431 mentem
432 1379 515 1430 Vella
532 1384 703 1440 accesserat,
726 1384 766 1428 to-
818 1378 986 1430 dsseenset.
1022 1380 1367 1445 Equideminhisvutga·

224 1455 301 1513 „tum
314 1448 405 1498 ioeum
423 1448 463 1498 sie
476 1446 607 1497 reddens:
627 1462 689 1513 quos
700 1449 766 1499 adeo
817 1452 875 1497 tam
892 1448 1012 1497 retinere
1029 1448 1118 1497 setius
1135 1446 1212 1510 duxi,
1231 1452 1263 1498 ut
1280 1462 1368 1513 snpra

223 1533 292 1580 ,μου
303 1515 557 1580 μυεπαεόαίτοηινι,
572 1530 636 1581 quoe
646 1514 767 1564 kactenus
817 1514 843 1576 1,
859 1513 920 1577 149,
940 1514 1092 1565 accedente
1111 1529 1215 1580 qaoque
1228 1513 1367 1580 Stephani

222 1589 359 1647 ,‚eperant,
383 1590 411 1633 ut
433 1585 508 1633 etiam
531 1586 605 1633 mutto
628 1582 767 1632 studiosius
816 1582 966 1646 Byzantiui
979 1583 1147 1632 suetoritste
1160 1596 1183 1632 s.
1196 1598 1237 1644 v.‚
1254 1583 1325 1633 lieet
1337 1584 1367 1632 in

223 1653 348 1715 „Persem
364 1653 526 1705 inducerent:
547 1649 630 1716 paulo
649 1664 766 1700 eommo-
817 1648 935 1700 scholiis
947 1649 1073 1715 Apellen.
1086 1649 1172 1700 Rhod.
1185 1651 1212 1711 Ι,
1230 1649 1266 1699 40
1281 1665 1367 1700 voes-

223 1719 303 1783 „dius
320 1719 461 1770 redderes:
485 1724 515 1767 ut
537 1719 628 1783 potius
644 1718 767 1767 ducerent
817 1716 909 1767 bulum
922 1717 974 1768 hoo
986 1717 1042 1767 aas
1053 1717 1136 1768 litere
1147 1717 1167 1767 α’
1177 1717 1312 1783 seriptum
1326 1734 1368 1768 re·

223 1788 362 1850 „Persam
386 1791 450 1837 aiam
467 1788 492 1836 ei
503 1791 686 1849 monstrarent,
712 1798 766 1850 qua
817 1786 949 1851 periatur.

223 1855 374 1918 „adversus
389 1854 512 1904 Athenas
529 1858 671 1919 pergerem
691 1856 766 1903 eerte

222 1922 424 1987 „instigatione
448 1927 496 1971 aut
516 1921 682 1972 inritatione
698 1934 767 1986 opus
1031 1953 1089 2004 cn
1117 1954 1145 2005 Π

223 2005 297 2051 „uon
321 1989 443 2039 habebat
466 1987 639 2051 Mardonius,
667 1989 767 2053 quint
1092 1991 1098 2003 ¹
1146 1991 1154 2004 ·

223 2056 326 2122 „paulo
343 2062 408 2106 ante
430 2055 471 2105 ait
486 2056 540 2105 seri
559 2060 614 2117 tor,
639 2040 691 2121 ἦγε
714 2047 768 2119 τήν
852 2046 1081 2121 κατελάμβανον]
1100 2055 1282 2117 „cohibuerunt
1299 2071 1365 2121 per·

223 2116 380 2189 „arpensis
402 2120 514 2187 σπονδῇ
537 2071 585 2175 έπὶ
608 2116 659 2181 τὰς
686 2114 766 2187 'Adri-
816 2123 991 2190 gendiqaein
999 2122 1249 2187 Atticsmtmpetuae
1257 2138 1368 2188 repres-

224 2190 329 2253 „uose.“
370 2191 414 2239 Ita
436 2189 713 2257 Schweighaeuserus
736 2189 766 2239 iu
815 2192 932 2242 serunt.“
956 2192 1089 2241 Wessel.
1111 2189 1365 2256 Melimequidem:

222 2260 317 2309 Lexio.
336 2258 467 2309 Herodot.
490 2258 512 2307 1.
535 2275 561 2324 p.
579 2257 627 2308 231
652 2258 764 2319 addens,
817 2257 931 2322 (verbis)
955 2262 1068 2318 retinere
1087 2258 1249 2315 studuerunt,
1275 2265 1306 2308 nt
1326 2259 1365 2322 11,

223 2341 293 2391 qnae
306 2342 354 2392 pro
366 2340 417 2376 usu
429 2325 507 2376 verbi
518 2315 635 2391 ἐπάγειν
648 2325 765 2376 afferan-
819 2326 876 2376 162.
894 2325 950 2386 ΙΙΙ,
963 2323 997 2375 36
1014 2324 1072 2387 (ubi
1090 2324 1145 2375 vid.
1158 2326 1247 2388 nott).
1265 2325 1310 2375 52.
1331 2327 1365 2388 V,

222 2399 266 2444 tur
279 2396 313 2444 ab
327 2395 411 2444 Heus.
425 2392 565 2459 Stephano
578 2393 631 2443 due
643 2394 767 2443 testimo·
816 2394 873 2442 2Ι.-
894 2393 973 2468 Quqd
991 2393 1127 2458 sequitur,
1152 2389 1202 2443 sui
1225 2386 1366 2459 σννεβοό·

222 2464 270 2512 nia
288 2478 321 2512 ex
339 2461 439 2512 Herod.
459 2462 508 2522 vl,
528 2477 562 2512 ea
579 2462 614 2512 ad
631 2461 766 2511 Herodis·
817 2461 901 2511 tenor
918 2457 1011 2524 αυτῷ,
1035 2460 1107 2509 idem
1129 2460 1188 2511 iere
1212 2465 1256 2511 est
1279 2466 1367 2527 atque
1455 2466 1456 2503 t

222 2546 284 2580 num
303 2530 441 2596 pertinere
453 2530 503 2593 vl,
517 2530 542 2580 5.
555 2527 584 2579 e:
608 2544 659 2594 qno
672 2534 765 2578 tamen
816 2522 1024 2645 σννεεοόλενον
1033 2518 1111 2593 αὐτῷ
1119 2521 1226 2593 μένειν,
1238 2529 1310 2593 quod
1321 2544 1368 2579 su-

221 2602 335 2663 utroque
348 2597 408 2647 loco
424 2613 511 2661 aeque
527 2595 765 2662 atquealiisloeis
836 2610 867 2646 ra
909 2596 966 2657 111,
988 2594 1035 2646 103
1057 2594 1171 2661 legitur3
1193 2595 1245 2646 hoe
1268 2601 1367 2647 sutem

222 2667 250 2715 iu
263 2666 404 2716 Thesauro
422 2665 504 2729 Ling.
523 2664 622 2714 Graec.
636 2663 700 2717 ,Vol.
714 2663 763 2713 ΙΙΙ.
816 2613 878 2714 foco
891 2657 990 2729 μένειν
1007 2662 1092 2713 ieeile
1110 2679 1145 2713 ex
1162 2678 1211 2726 es,
1229 2678 1301 2730 quae
1321 2680 1367 2715 se·

221 2750 247 2798 p.
262 2731 327 2783 13119
340 2733 381 2782 ed.
396 2732 521 2786 Diodori.
535 2731 630 2782 allatis
647 2722 766 2795 έπνὶγειν
817 2732 920 2797 quitur,
942 2731 1085 2781 sententis
1100 2746 1213 2781 eausam
1231 2733 1367 2783 menendi

221 2800 363 2866 significet
384 2800 512 2848 adducere
534 2799 696 2862 (exereitum
719 2798 766 2848 sd·
818 2798 977 2850 deelersnte
998 2797 1120 2865 suppleri
1143 2804 1242 2865 potest
1266 2825 1295 2835 -
1322 2800 1368 2850 Ad

221 2883 316 2919 versus
328 2866 445 2928 hostes);
464 2882 515 2915 neo
534 2867 621 2915 minus
637 2866 765 2931 frequens
816 2867 902 2917 verbs
926 2858 1148 2932 ἐπιτηδειότερος
1176 2858 1367 2931 ἐνστρατοπε-

221 2935 293 2984 idem
317 2933 428 2983 verbum
452 2933 656 2998 significatione
680 2935 765 2998 impet·
818 2930 957 2985 δεύεσθαι
970 2934 1044 2985 soni.
1055 2939 1124 2985 nott.
1135 2934 1211 2997 st,
1221 2934 1265 2985 23.
1276 2935 1328 2997 IX,
1340 2936 1366 2986 7.
1454 2972 1455 2979 ι

221 3003 302 3063 tendi,
320 3001 469 3066 irretipcmdt,
489 3001 559 3064 quod
573 3001 644 3050 satis
662 3006 766 3050 testan-
817 2994 938 3063 ἐκείνου,
952 3017 991 3054 se.
1002 2996 1108 3068 χόρευε
1121 3004 1309 3068 aegsnteuim
1322 3002 1366 3053 ul-

221 3075 265 3118 tur
282 3068 368 3117 allata
390 3069 419 3117 in
437 3067 532 3117 eodem
549 3068 691 3118 Thesauro
709 3068 727 3118 l.
746 3067 764 3118 1.
815 3069 871 3120 lum
883 3069 974 3121 loeum
987 3070 1366 3137 adesstreponendaaptio·

220 3152 284 3202 pag.
300 3133 372 3186 1368.
397 3135 488 3197 Quare
501 3135 626 3200 equidem
639 3136 674 3185 ad
687 3138 764 3186 dem.
816 3154 873 3187 rem
898 3152 959 3188 esse
981 3141 1036 3195 tito,
1066 3152 1146 3203 quem
1163 3153 1202 3188 se.
1220 3153 1295 3187 nane
1317 3154 1368 3190 ee·

221 3205 297 3254 Porti
308 3208 337 3254 et
345 3202 442 3254 veum
453 3204 709 3268 interpretationem
721 3220 763 3254 re·
817 3209 902 3271 eupst
922 3206 950 3255 iu
963 3204 1156 3256 Thebanorum
1178 3206 1366 3271 aptissimos.

221 3273 279 3322 dire
297 3271 391 3321 melius
407 3270 468 3321 loeo
487 3272 711 3333 convenientem,
736 3271 765 3321 in
816 3264 869 3324 οόκ
888 3266 942 3323 ἔων
955 3278 1046 3324 verto:
1063 3273 1245 3324 dissuadmmrt
1255 3276 1368 3324 ulterius

221 3356 273 3405 qao
289 3339 483 3390 Thessalorum
499 3339 637 3405 principes
655 3339 763 3390 Mardo—
811 3341 946 3406 propredt.
976 3340 1056 3391 Oont.
1074 3341 1112 3405 V,
1124 3340 1159 3392 36
1177 3340 1271 3406 ibique
1290 3347 1367 3396 uott.

221 3410 293 3458 nium
313 3412 409 3458 eontra
425 3406 549 3457 Athenas
570 3408 784 3473 procedentem·
815 3409 866 3470 IX,
886 3408 928 3458 77.

220 3475 265 3525 vel
279 3476 365 3540 magis
384 3476 533 3541 instigasse
551 3474 691 3537 dicuntur,
711 3474 764 3524 hoe
854 3465 920 3526 ἀλλ’
935 3464 1027 3527 adseri
1047 3468 1181 3541 [ζόμενον
1201 3469 1314 3527 ποιέειν
1337 3494 1365 3528 ν.

219 3549 251 3592 ut
263 3542 417 3608 perficeret.
453 3544 547 3608 Neque
565 3558 683 3608 unquam
697 3542 764 3593 mihi
815 3559 839 3594 τ.
850 3541 888 3611 L]
908 3545 950 3594 De
963 3548 1104 3594 structura
1115 3545 1153 3594 ef.
1165 3548 1235 3595 nott
1250 3543 1287 3593 sd
1299 3545 1365 3599 Vii.

221 3609 379 3676 persuaderi
403 3611 507 3675 patiar,
536 3611 621 3661 verbo
646 3603 764 3676 ἐπάγειν
818 3609 865 3661 104
882 3616 911 3662 et
928 3611 1067 3662 Kuehner.
1086 3609 1133 3662 Gr.
1152 3610 1199 3662 Gr.
1218 3611 1242 3673 §-
1256 3610 1319 3677 852,
1334 3613 1365 3663 k.

221 3676 387 3744 significari:
400 3679 462 3728 niam
472 3686 614 3728 monstrare
623 3680 706 3738 etiem,
718 3680 764 3728 ati-
815 3678 910 3745 Suppl.
935 3669 1080 3742 ἐκέλευον,
1105 3679 1178 3744 quod
1199 3680 1290 3745 ipsum
1315 3695 1365 3731 eu·

238 3762 291 3795 uera
307 3746 347 3795 nid
365 3747 467 3796 deucere.
483 3772 514 3780 —
538 3746 580 3796 Ad
597 3746 763 3798 locutionem
815 3762 911 3812 presse
929 3747 1007 3797 addit
1023 3747 1144 3798 Pansam
1161 3745 1316 3810 lx,13‚ts
1329 3774 1367 3784 -·

221 3764 253 3863 έν
269 3811 322 3863 τοῦ
338 3812 468 3878 φανεροῦ
483 3813 538 3864 vid.
552 3818 620 3865 nott
640 3815 675 3864 sd
685 3815 762 3875 VIII,
814 3815 847 3865 In
859 3815 981 3880 proxime
993 3829 1069 3879 seqq.
1082 3815 1142 3866 sine
1160 3829 1247 3865 eausa
1264 3816 1367 3881 opinor

223 3879 271 3931 126
289 3886 316 3931 et
334 3881 497 3932 adverbum
514 3880 625 3948 παρῆκε
642 3887 710 3933 nott.
729 3882 763 3931 sd
815 3883 945 3947 Stegerus
970 3887 999 3932 et
1020 3881 1165 3933 Bekkerus
1193 3882 1367 3934 reduxerunt

221 3950 267 4007 IV,
283 3948 339 3998 140.
368 3951 421 3999 Pro
433 3950 606 4015 Ληρισσαὶνς
618 3965 687 4000 unus
699 3949 763 4000 Flo·
814 3944 1051 4016 καταστρέψεται
1063 3966 1112 4017 pro
1121 3950 1196 4016 vulg.
1207 3950 1366 4014 καταστρέ-

221 4018 346 4067 rentims
364 4022 391 4067 et
407 4017 460 4067 hoe
477 4016 538 4066 loeo
557 4021 585 4066 et
596 4017 649 4077 IX,
662 4016 696 4066 58
707 4018 763 4082 An·
815 4026 921 4083 ψηται,
940 4018 1011 4083 quod
1028 4019 1153 4069 omnibus
1168 4017 1249 4068 libris
1260 4019 1366 4084 probs-

222 4086 355 4149 ρισαῑος,
374 4084 445 4150 quod
458 4083 602 4134 Bekkerus
615 4089 644 4134 et
657 4098 718 4134 eum
731 4101 763 4135 eo
815 4090 872 4137 tum
894 4086 953 4136 iure
973 4091 1066 4136 tuetur
1083 4086 1189 4136 Censor
1205 4087 1366 4151 Lipsiensis
1453 4094 1454 4105 ¹

220 4152 346 4203 Dindorf.
361 4159 389 4201 et
400 4151 523 4202 Dietsch.
535 4156 708 4217 receperunt,
722 4167 764 4202 as·
816 4143 1366 4221 1833.p.48.usvooomdpe1qtt,que
1453 4200 1454 4211 ,

220 4221 359 4270 sentiente
370 4218 488 4289 Bredor.
500 4234 564 4285 pag.
576 4218 618 4282 97,
633 4220 679 4285 qui
692 4220 764 4270 haue
815 4221 950 4273 Homerus
967 4223 1022 4271 ism
1040 4223 1126 4271 utitur
1140 4222 1185 4271 lli.
1202 4221 1282 4285 xxt,
1301 4223 1363 4283 437,
1453 4248 1454 4287 t

221 4304 317 4341 vocem
335 4301 423 4352 aeque
440 4290 524 4352 atque
538 4285 610 4338 elias
624 4287 705 4337 huius
717 4303 764 4354 ge·
814 4288 973 4340 videlista
991 4289 1092 4351 mlv,
1112 4288 1152 4339 11.
1192 4288 1365 4355 δαιμόνων
1453 4332 1454 4337 ,
