2900 5122
236 360 299 425 268
676 352 943 414 HERODO'N
1019 382 1024 391 ·

237 552 340 620 στιου,
359 534 530 621 παρῆσαν,
548 524 735 618 πυθόμενοι
752 523 1000 614 τοδςἝλληνας
1019 525 1104 596 εἶναι
1123 528 1159 595 ἐν
1177 528 1380 616 Πλαταιῇσι,

237 636 293 703 καὶ
311 629 406 704 αὐτοὶ
424 633 477 701 ἐπὶ
495 629 554 701 τδν
575 625 724 701 Ἀσωπὸν
745 625 804 698 τδν
826 626 930 719 ταύτῃ
954 628 1081 719 ήέοντα.
1117 623 1313 717 ἀπικόμενοι
1344 630 1380 697 δὲ

235 731 474 805 ἀντετάσσοντο
492 722 558 802 odda
574 727 640 802 ὑπὸ
659 735 867 821 Μαρδονίου.
900 725 1072 818 Κατάμέν
1090 735 1381 819 Λακεδαιμονίους

237 844 353 925 ἔστησε
376 839 522 925 Πέρσας·
559 835 613 903 καὶ
633 829 675 920 δή
693 828 816 902 πολλὸν
833 828 896 922 γάρ
914 835 1075 933 περιῆσαν
1092 829 1218 919 πλήθει·
1233 837 1268 900 οί
1283 835 1422 921 Πέρῖθε

235 960 308 1025 σαι,
328 941 385 1008 ἐπί
398 965 435 1006 τε
450 934 539 1020 τάξις
556 937 701 1015 πλεῦνας
719 935 949 1023 ἐκεκοσμέατο,
977 935 1032 1002 καὶ
1060 936 1190 1022 ἐπεῖχον
1212 928 1291 1014 τούς
1322 943 1380 1003 Τε-

236 1038 363 1129 γεήτας.
400 1042 491 1122 ἔταξε
514 1038 551 1107 δέ
573 1032 675 1107 οὕτω
699 1032 766 1107 ὅτι
783 1035 845 1124 μέν
862 1024 904 1124 ήν
922 1030 1029 1105 αὐτοῦ
1045 1031 1279 1105 δυνατώτατον
1295 1038 1379 1121 πᾶν,

236 1138 396 1225 άπολεᾜας
423 1147 539 1227 ἔστησε
555 1135 670 1209 άντίου
687 1142 978 1227 Λακεδαιμονίων,
1004 1134 1042 1206 τὸ
1070 1137 1107 1205 δέ
1133 1132 1382 1227 ἀσθενέστερον

238 1246 396 1331 παρέταξε
414 1237 496 1311 κατά
518 1237 596 1321 τοδς
623 1237 793 1328 Τεγεήτας.
829 1240 933 1308 ταῦτα
951 1234 983 1307 δ’
1004 1241 1112 1308 ἐποίεε
1129 1235 1327 1327 φραζόντων
1345 1267 1381 1308 τε

237 1345 292 1412 καὶ
312 1341 540 1413 διδασκόντων
558 1349 724 1430 Θηβαίων.
760 1343 921 1431 Περσέων
940 1340 977 1409 δέ
996 1341 1171 1429 ἐχομένους
1188 1344 1281 1422 ἔταξε
1301 1340 1380 1428 Μή·

239 1450 334 1526 δους·
370 1434 461 1514 οὗτοι
491 1445 527 1514 δέ
555 1445 693 1533 ἐπέσχον
711 1448 915 1532 Κορινθίους
941 1469 977 1511 τε
999 1443 1055 1511 καὶ
1072 1438 1296 1528 Ποτιδαιήτας
1324 1445 1380 1511 καὶ

234 1542 463 1636 Ὀρχομενίους
487 1573 523 1615 τε
549 1547 605 1614 καὶ
630 1551 849 1625 Σικυωνίους.
885 1541 1018 1631 Μήδων
1036 1543 1074 1613 δέ
1092 1546 1267 1633 ἐχομένους
1286 1549 1380 1628 ἔταξε

237 1655 436 1737 Βακτρίους·
461 1636 552 1717 οὗτοι
577 1646 615 1715 δὲ
633 1649 771 1736 ἐπέσχον
785 1642 1017 1734 Ἐπιδαυρίους
1034 1672 1070 1714 τε
1087 1647 1142 1714 καὶ
1166 1653 1380 1735 Τροιζηνίους

237 1751 293 1819 καὶ
319 1746 512 1839 Λεπρεήτας
538 1776 573 1818 τε
599 1751 655 1818 καί
686 1754 890 1839 Τιρυνθίους
916 1749 972 1816 καὶ
999 1753 1221 1834 Μυκηναίους
1251 1774 1289 1816 τε
1324 1750 1380 1816 καλ

238 1859 427 1932 Φλιασίους.
447 1847 528 1939 μετά
547 1850 583 1921 δέ
600 1856 784 1938 Βακτρίους
802 1855 917 1937 ἔστησε
926 1845 1061 1930 Ἰνδούς·
1078 1837 1170 1918 οὗτοι
1182 1848 1220 1917 δέ
1238 1850 1380 1938 ἐπέσχον

232 1947 420 2040 Ἑρμιονέας
448 1980 484 2021 τε
507 1953 563 2021 καὶ
582 1947 765 2040 Ἐρετριέας
793 1952 849 2021 καὶ
872 1952 1023 2038 Στυρέας
1043 1976 1079 2020 τε
1101 1952 1156 2020 καὶ
1180 1953 1378 2031 Χαλκιδέας.

233 2049 348 2122 Ἰνδῶν
367 2053 404 2123 δέ
422 2055 596 2142 ἐχομένους
614 2050 728 2133 Σάκας
745 2055 854 2141 ἔταξε,
881 2060 916 2123 οἳ
931 2055 1069 2142 ἐπέσχον
1083 2047 1328 2145 Ἀμπρακιήτας
1344 2079 1380 2121 τε

238 2156 293 2223 καὶ
316 2148 546 2243 Ἀνακτορίους
570 2155 625 2224 καὶ
648 2159 857 2236 Λευκαδίους
879 2156 935 2224 καὶ
959 2157 1091 2234 Παλέας
1109 2155 1165 2223 καὶ
1184 2149 1377 2242 Αἰγινήτας.

236 2355 281 2404 etii
290 2360 394 2405 mortem
409 2357 495 2417 lum
513 2355 643 2404 desierant
660 2368 681 2404 s.
694 2356 781 2404 eluxe-
831 2353 1054 2419 Schweighaeus.
1070 2354 1228 2421 suspicatur
1244 2354 1377 2419 scripta,

237 2428 309 2484 rant,
326 2426 359 2472 ut
370 2421 462 2472 reddit
473 2421 691 2484 Valckenarius,
709 2423 779 2472 bene
832 2422 933 2473 fuisse:
957 2417 1006 2471 καὶ
1028 2412 1144 2486 ἐπεῖχον
1160 2417 1220 2471 καί
1237 2414 1306 2480 τούς
1327 2422 1378 2475 Te·

237 2490 389 2607 resqvicieus
419 2491 454 2540 ad
481 2491 537 2541 vim
565 2490 780 2556 praepositionis
831 2483 947 2556 χεήταςε
962 2492 1162 2556 „utqneelium
1179 2489 1306 2553 Τυρταίου
1317 2505 1378 2540 cos·

237 2548 278 2607 οἷπ
302 2594 308 2616 ,
327 2573 398 2623 qnae
416 2559 458 2608 tei
469 2558 613 2623 perfectae
632 2562 661 2607 et
673 2557 779 2607 absolu·
830 2556 1186 2617 εναιεαααεεελαδεδαπίμ
1208 2557 1270 2618 Quo
1283 2561 1378 2607 tamen

237 2630 285 2675 tae
297 2626 437 2676 notionem
451 2626 583 2676 continet
609 2626 687 2687 Quae
700 2625 781 2690 plura
830 2629 877 2675 vix
890 2641 971 2692 opus3
991 2629 1033 2675 est
1050 2627 1122 2674 enim
1137 2625 1191 2675 loci
1204 2639 1317 2675 sensus:
1336 2631 1376 2674 et·

236 2693 309 2742 hanc
328 2694 356 2742 in
373 2709 430 2742 rem
445 2693 525 2743 sll'ert
537 2693 609 2743 idem
621 2693 780 2743 Vslekeus·
831 2710 879 2760 que
895 2693 1041 2744 obtinebant
1055 2695 1134 2743 aciem
1150 2692 1267 2757 Τεριοίὶε
1284 2693 1378 2743 adaer-

237 2762 293 2810 nus
311 2764 367 2809 tum
385 2759 420 2809 ed
435 2762 463 2809 h.
477 2761 512 2823 l.,
528 2766 585 2809 tum
603 2761 632 2810 in
649 2762 778 2811 Annotat.
831 2775 892 2818 sam,
906 2777 939 2811 ex
952 2760 1182 2826 aequo'l'egeutis
1195 2760 1377 2825 stqneLsoo·

237 2828 272 2876 ed
285 2827 418 2877 Adoniaz.
430 2827 571 2878 Theocriti
582 2844 647 2893 psq.
660 2827 723 2889 202,
746 2829 781 2878 iis
831 2829 913 2879 uibus
926 2828 1045 2895 oppositi
1056 2828 1170 2877 stabant
1182 2827 1211 2877 in
1225 2828 1301 2888 acle,
1314 2843 1377 2877 cum
1448 2842 1449 2847 ¹

237 2895 299 2944 edd.
312 2895 436 2944 Fischer.
451 2894 485 2944 ad
498 2894 610 2945 Weller.
622 2895 669 2944 llI.
682 2911 710 2959 p.
723 2895 779 2945 113.
831 2896 893 2947 seil.
918 2911 1029 2946 numero
1059 2901 1151 2946 esseut
1173 2894 1259 2945 multo
1283 2894 1378 2961 plures

236 2962 279 3010 De
289 2962 348 3026 ipso
358 2962 504 3011 Persarum
514 2962 589 3011 luctu
598 2962 671 3013 cont.
682 2962 779 3025 lma.
832 2980 912 3029 quam
925 2964 1065 3024 Lacones,
1079 2965 1120 3012 ita
1129 2968 1159 3013 nt
1168 2963 1289 3028 ipsorum
1299 2964 1378 3013 scies

265 3021 345 3077 Κατά
356 3022 780 3095 μένΛακεδαιμονίονςέστησε]
831 3034 973 3082 Laconum
991 3037 1019 3081 et
1030 3031 1216 3094 Tegeatarum
1233 3029 1315 3079 simul
1329 3030 1378 3081 oh·

236 3091 309 3145 κατὰ
322 3100 350 3145 et
361 3096 388 3144 h.
399 3095 417 3145 l.
429 3101 458 3146 et
467 3097 494 3145 in
508 3112 582 3162 seqq.
596 3097 702 3148 iudicat
714 3113 728 3148 e
740 3114 781 3148 rc·
831 3104 940 3165 tegeret
950 3100 1048 3149 aciem.
1065 3097 1377 3164 (leutschweighsens.

252 3168 323 3227 ione,
334 3164 489 3229 ρεηεπιλδετ.
507 3163 568 3213 Vid.
583 3165 641 3215 citt.
655 3165 689 3215 ad
702 3166 779 3224 VIII,
832 3168 861 3217 iu
874 3168 969 3217 Lexic.
982 3166 1113 3217 Herodot.
1126 3166 1146 3214 1.
1180 3181 1224 3230 ag.
1234 3164 1297 3215 241.
1315 3166 1377 3227 Quo

233 3180 282 3293 dh,
292 3236 331 3281 et
342 3232 376 3281 de
389 3231 505 3296 singulis
518 3232 662 3297 gentihus,
681 3233 779 3298 quibus
831 3234 926 3285 eodem
943 3249 1025 3285 sensu
1042 3249 1105 3284 mox
1122 3182 1243 3298 ἐπέσχον
1264 3238 1294 3282 et
1310 3248 1376 3282 κατ-

235 3300 381 3350 Persarum
395 3300 683 3362 constititexercitus,
703 3301 778 3362 VIII,
832 3295 915 3367 έσχον
942 3301 1015 3367 apud
1044 3300 1217 3367 Xenophont
1248 3300 1278 3349 in
1303 3300 1375 3350 nise

238 3367 294 3418 113.
311 3394 345 3404 —-
365 3369 430 3417 Mox
446 3367 599 3433 Schweigh.
622 3382 683 3418 cuin
701 3368 779 3418 Gsis-
832 3371 930 3420 Graec.
943 3370 994 3431 IV,
1011 3369 1097 3432 2,21.
1133 3367 1173 3419 hd
1191 3382 1313 3433 sequens
1328 3358 1377 3418 οδ-

235 3436 305 3485 ford.
319 3436 486 3486 eSencrofti
498 3435 567 3486 libro
580 3435 655 3485 dedit
666 3431 777 3498 περιέα-
829 3453 875 3495 τω,
889 3435 1026 3502 quodnnn
1040 3437 1264 3502 adpruegresss,
1279 3435 1377 3486 sedad
1446 3480 1447 3489 .

235 3517 290 3552 σαν
303 3517 319 3551 α
332 3503 421 3553 forma
434 3496 467 3553 ἔα
479 3519 527 3568 pro
540 3489 577 3567 ήν
589 3502 674 3566 (conl.
688 3504 714 3565 I,
731 3502 778 3551 187
831 3505 976 3569 sequentis
993 3509 1115 3570 spectet,
1132 3503 1188 3553 vid.
1205 3502 1308 3553 Matth.
1327 3502 1375 3553 Gr.

235 3570 328 3633 ibique
346 3569 428 3632 citt).
457 3571 593 3621 Matthiae
611 3571 685 3621 dedit
702 3586 781 3632 κερι-
831 3571 877 3622 Gr.
890 3574 913 3633 ἕ.
927 3570 989 3629 470,
1007 3576 1079 3634 not,
1098 3571 1145 3637 qni
1157 3571 1229 3623 idem
1242 3571 1267 3632 ᾗ.
1280 3571 1376 3631 ΜΛ

234 3635 322 3702 ἦσαν,
342 3652 491 3701 quaecum
508 3653 576 3688 vers
592 3638 725 3689 Herodoti
742 3638 778 3689 sit
829 3645 886 3689 not.
902 3639 937 3689 sd
952 3638 1053 3689 verbs:
1080 3629 1134 3689 ὅτι
1146 3630 1200 3702 μέν
1210 3623 1296 3704 ήν-
1308 3635 1377 3691 πᾶν

236 3706 324 3754 lorino
342 3703 407 3766 (vid.
420 3704 537 3755 Bredov.
555 3722 619 3772 pag.
632 3704 684 3756 406
697 3705 775 3771 seq),
829 3697 971 3769 α’πολέξας
980 3706 1169 3764 consulendus,
1183 3707 1300 3771 adquae
1314 3708 1377 3772 ipsa
1445 3770 1446 3773 Ἴ

235 3772 334 3821 merito
357 3776 471 3836 recepta
493 3778 536 3822 est
557 3774 732 3824 aDindorlio
750 3777 779 3823 et
828 3775 901 3825 hunc
929 3775 958 3823 in
987 3775 1094 3824 modum
1124 3775 1375 3839 Wesseltaqiss:
1445 3792 1446 3809 ι

234 3839 394 3900 Dietsehi03
423 3840 589 3891 Schsefsrus
618 3856 679 3891 eum
705 3840 777 3891 Bek-
829 3842 943 3904 „Sermo
956 3842 989 3892 de
1003 3843 1108 3905 Persis,
1126 3857 1239 3907 qnorum
1251 3843 1322 3907 quod
1331 3856 1376 3890 m·

235 3906 303 3956 kero
316 3907 470 3956 retinuerat
482 3908 623 3973 vulgatum
632 3907 777 3972 περίεσαν,
828 3910 992 3961 iustissime
1016 3914 1112 3960 contra
1134 3908 1376 3959 Lacedaemonius

236 3973 305 4038 quod
319 3973 495 4024 Florentinus
512 3990 618 4039 quoqne
634 3975 680 4026 hio
697 3992 777 4041 prse-
829 3977 987 4027 Mardonius
999 3976 1140 4042 opposuit,
1158 3975 1228 4041 quud
1240 3974 1376 4026 infirmius

235 4042 296 4101 het,
316 4040 451 4119 qni'alias
468 4046 628 4091 constanter
643 4059 691 4108 pro
711 4038 778 4093 ἔσαν
829 4045 1165 4108 νειοοοιιίεεΤεςεειεε.
1194 4044 1293 4093 Nonne
1309 4058 1376 4108 ergo
1444 4056 1445 4125 χ

236 4106 348 4159 exhibet
359 4121 441 4173 ησαν.
455 4134 486 4144 --
505 4109 545 4158 Ad
558 4110 672 4160 formam
686 4101 778 4161 ἐκεκο-
829 4101 847 4162 ὅ
861 4128 889 4162 τι
906 4105 959 4176 μέν
976 4099 1013 4177 ἦν
1035 4104 1149 4162 αὐτῶν
1170 4126 1242 4176 quas
1258 4110 1376 4175 elegans

235 4169 353 4239 σμέατο,
368 4190 448 4240 quam
461 4177 594 4226 intectam
607 4177 721 4243 reliqui,
739 4180 776 4229 of.
829 4180 929 4230 Pauvii
951 4180 1105 4230 conlectio?
1139 4178 1250 4244 Alioqui
1276 4172 1310 4228 τδ
1326 4176 1376 4227 δσ-

234 4244 261 4307 Ι,
278 4241 326 4293 1011
337 4243 431 4309 ibique
443 4249 512 4294 nott.
829 4241 992 4297 ναταὶτατον
1008 4246 1061 4297 τοῦ
1076 4244 1199 4311 στρατοῦ
1217 4246 1297 4305 VIII,
1310 4244 1374 4295 w

285 4307 335 4361 aul
368 4301 485 4377 ἐπεῖχον
518 4306 584 4372 τούς
619 4306 777 4380 Τεγεήτας]
827 4314 897 4365 Mihi
913 4315 1015 4366 Psuvii
1037 4315 1198 4366 coniectura
1215 4313 1289 4364 hand
1306 4326 1375 4378 opus

1427 4770 1442 5076 l
