<?xml version="1.0" encoding="UTF-8"?>
<!DOCTYPE html PUBLIC "-//W3C//DTD XHTML 1.0 Transitional//EN"
    "http://www.w3.org/TR/xhtml1/DTD/xhtml1-transitional.dtd">
<html xmlns="http://www.w3.org/1999/xhtml" xml:lang="en" lang="en">
 <head>
  <title>
</title>
<meta http-equiv="Content-Type" content="text/html;charset=utf-8" />
  <meta name='ocr-system' content='tesseract 3.04.00' />
  <meta name='ocr-capabilities' content='ocr_page ocr_carea ocr_par ocr_line ocrx_word'/>
</head>
<body>
  <div class='ocr_page' id='page_1' title='image "./herodotihalicar04bhgoog/herodotihalicar04bhgoog_0144.png"; bbox 0 0 2952 5156; ppageno 0'>
   <div class='ocr_carea' id='block_1_1' title="bbox 420 394 1229 488">
    <p class='ocr_par' dir='ltr' id='par_1_1' title="bbox 420 394 1229 488">
     <span class='ocr_line' id='line_1_1' title="bbox 420 394 1229 488; baseline 0.014 -31"><span class='ocrx_word' id='word_1_1' title='bbox 420 395 624 457; x_wconf 70' lang='lat' dir='ltr'><strong>nesure.</strong></span> <span class='ocrx_word' id='word_1_2' title='bbox 648 394 737 457; x_wconf 77' lang='lat' dir='ltr'><strong>vni.</strong></span> <span class='ocrx_word' id='word_1_3' title='bbox 760 403 891 460; x_wconf 75' lang='grc' dir='ltr'><strong>ω-ω.</strong></span> <span class='ocrx_word' id='word_1_4' title='bbox 975 480 981 488; x_wconf 24' lang='grc'>1</span> <span class='ocrx_word' id='word_1_5' title='bbox 1168 402 1229 471; x_wconf 78' lang='lat'><strong>129</strong></span> 
     </span>
    </p>
   </div>
   <div class='ocr_carea' id='block_1_2' title="bbox 49 560 1271 1576">
    <p class='ocr_par' dir='ltr' id='par_1_2' title="bbox 49 560 1229 1268">
     <span class='ocr_line' id='line_1_2' title="bbox 49 560 1229 663; baseline 0.014 -34"><span class='ocrx_word' id='word_1_6' title='bbox 49 574 200 637; x_wconf 64' lang='lat' dir='ltr'><strong>civatem</strong></span> <span class='ocrx_word' id='word_1_7' title='bbox 224 564 516 656; x_wconf 80' lang='grc' dir='ltr'><strong><em>διαφθειρόμεναι,</em></strong></span> <span class='ocrx_word' id='word_1_8' title='bbox 540 570 578 635; x_wconf 79' lang='lat' dir='ltr'><strong>ai</strong></span> <span class='ocrx_word' id='word_1_9' title='bbox 593 566 630 635; x_wconf 74' lang='lat' dir='ltr'><strong>di·</strong></span> <span class='ocrx_word' id='word_1_10' title='bbox 647 560 715 636; x_wconf 83' lang='grc' dir='ltr'><strong>ότό</strong></span> <span class='ocrx_word' id='word_1_11' title='bbox 733 570 948 655; x_wconf 78' lang='grc' dir='ltr'><strong><em>Αἰγινητέων.</em></strong></span> <span class='ocrx_word' id='word_1_12' title='bbox 995 567 1052 640; x_wconf 81' lang='grc' dir='ltr'><strong>ἅτε</strong></span> <span class='ocrx_word' id='word_1_13' title='bbox 1074 570 1139 663; x_wconf 74' lang='grc' dir='ltr'><strong><em>γὰρ</em></strong></span> <span class='ocrx_word' id='word_1_14' title='bbox 1160 579 1229 646; x_wconf 76' lang='grc' dir='ltr'><strong><em>τοῖν</em></strong></span> 
     </span>
     <span class='ocr_line' id='line_1_3' title="bbox 91 663 1226 762; baseline 0.008 -25"><span class='ocrx_word' id='word_1_15' title='bbox 91 668 149 756; x_wconf 72' lang='grc' dir='ltr'><strong><em>μὲν</em></strong></span> <span class='ocrx_word' id='word_1_16' title='bbox 166 663 333 755; x_wconf 76' lang='grc' dir='ltr'><strong><em>Ἑλλήνων</em></strong></span> <span class='ocrx_word' id='word_1_17' title='bbox 353 664 419 736; x_wconf 75' lang='grc' dir='ltr'><strong><em>σόν</em></strong></span> <span class='ocrx_word' id='word_1_18' title='bbox 442 664 553 760; x_wconf 76' lang='grc' dir='ltr'><strong><em>κόσμῳ</em></strong></span> <span class='ocrx_word' id='word_1_19' title='bbox 576 666 833 757; x_wconf 81' lang='grc' dir='ltr'><strong><em>ναυμαχεόντων</em></strong></span> <span class='ocrx_word' id='word_1_20' title='bbox 856 667 939 745; x_wconf 74' lang='grc' dir='ltr'><strong><em>κατὰ</em></strong></span> <span class='ocrx_word' id='word_1_21' title='bbox 960 670 1070 762; x_wconf 86' lang='grc' dir='ltr'><strong><em>τόξιν,</em></strong></span> <span class='ocrx_word' id='word_1_22' title='bbox 1097 678 1165 745; x_wconf 70' lang='grc' dir='ltr'><strong>τόν</strong></span> <span class='ocrx_word' id='word_1_23' title='bbox 1190 678 1226 746; x_wconf 76' lang='lat' dir='ltr'><strong>dl</strong></span> 
     </span>
     <span class='ocr_line' id='line_1_4' title="bbox 90 765 1226 866; baseline 0.008 -28"><span class='ocrx_word' id='word_1_24' title='bbox 90 768 266 859; x_wconf 80' lang='grc' dir='ltr'><strong><em>βαρβάρων</em></strong></span> <span class='ocrx_word' id='word_1_25' title='bbox 282 765 324 838; x_wconf 78' lang='grc' dir='ltr'><strong>οὐ</strong></span> <span class='ocrx_word' id='word_1_26' title='bbox 341 770 551 857; x_wconf 74' lang='grc' dir='ltr'><strong><em>τεταγμένων</em></strong></span> <span class='ocrx_word' id='word_1_27' title='bbox 568 774 632 857; x_wconf 83' lang='grc' dir='ltr'><strong><em>ἔτι,</em></strong></span> <span class='ocrx_word' id='word_1_28' title='bbox 651 765 729 838; x_wconf 75' lang='grc' dir='ltr'><strong><em>οὔτε</em></strong></span> <span class='ocrx_word' id='word_1_29' title='bbox 746 767 811 839; x_wconf 82' lang='grc' dir='ltr'><strong><em>οὐν</em></strong></span> <span class='ocrx_word' id='word_1_30' title='bbox 827 769 895 864; x_wconf 80' lang='grc' dir='ltr'><strong><em>νόῳ</em></strong></span> <span class='ocrx_word' id='word_1_31' title='bbox 912 771 1096 844; x_wconf 80' lang='grc' dir='ltr'><strong><em>ποιεόντων</em></strong></span> <span class='ocrx_word' id='word_1_32' title='bbox 1113 773 1226 866; x_wconf 68' lang='grc' dir='ltr'><strong><em>οὐδὲν,</em></strong></span> 
     </span>
     <span class='ocr_line' id='line_1_5' title="bbox 91 866 1227 966; baseline 0.009 -28"><span class='ocrx_word' id='word_1_33' title='bbox 91 876 200 959; x_wconf 70' lang='grc' dir='ltr'><strong><em>ἔμελλε</em></strong></span> <span class='ocrx_word' id='word_1_34' title='bbox 219 867 348 939; x_wconf 76' lang='grc' dir='ltr'><strong><em>τοιοῦτό</em></strong></span> <span class='ocrx_word' id='word_1_35' title='bbox 366 891 426 957; x_wconf 82' lang='grc' dir='ltr'><strong><em>σφι</em></strong></span> <span class='ocrx_word' id='word_1_36' title='bbox 444 876 674 958; x_wconf 82' lang='grc' dir='ltr'><strong><em>συνοίσεσθαι,</em></strong></span> <span class='ocrx_word' id='word_1_37' title='bbox 693 866 766 940; x_wconf 76' lang='grc' dir='ltr'><strong><em>οἷόν</em></strong></span> <span class='ocrx_word' id='word_1_38' title='bbox 784 899 846 963; x_wconf 82' lang='grc' dir='ltr'><strong>τερ</strong></span> <span class='ocrx_word' id='word_1_39' title='bbox 863 869 980 962; x_wconf 72' lang='grc' dir='ltr'><strong><em>ἀντέβη.</em></strong></span> <span class='ocrx_word' id='word_1_40' title='bbox 1017 886 1123 947; x_wconf 84' lang='grc' dir='ltr'><strong><em>καίτοι</em></strong></span> <span class='ocrx_word' id='word_1_41' title='bbox 1141 868 1227 966; x_wconf 79' lang='grc' dir='ltr'><strong><em>ἦσαν</em></strong></span> 
     </span>
     <span class='ocr_line' id='line_1_6' title="bbox 90 967 1226 1067; baseline 0.008 -28"><span class='ocrx_word' id='word_1_42' title='bbox 90 999 124 1057; x_wconf 78' lang='grc' dir='ltr'><strong><em>με</em></strong></span> <span class='ocrx_word' id='word_1_43' title='bbox 148 974 203 1041; x_wconf 75' lang='lat' dir='ltr'><strong>ml</strong></span> <span class='ocrx_word' id='word_1_44' title='bbox 232 973 383 1058; x_wconf 71' lang='grc' dir='ltr'><strong><em>ἐγένοντο</em></strong></span> <span class='ocrx_word' id='word_1_45' title='bbox 409 968 534 1058; x_wconf 74' lang='grc' dir='ltr'><strong><em>ταύτην</em></strong></span> <span class='ocrx_word' id='word_1_46' title='bbox 558 968 621 1059; x_wconf 79' lang='grc' dir='ltr'><strong>τὴν</strong></span> <span class='ocrx_word' id='word_1_47' title='bbox 638 967 765 1062; x_wconf 80' lang='grc' dir='ltr'><strong><em>ἡμέρην</em></strong></span> <span class='ocrx_word' id='word_1_48' title='bbox 790 977 906 1067; x_wconf 76' lang='grc' dir='ltr'><strong><em>μακρῷ</em></strong></span> <span class='ocrx_word' id='word_1_49' title='bbox 930 971 1103 1064; x_wconf 78' lang='grc' dir='ltr'><strong><em>ἀμείνονες</em></strong></span> <span class='ocrx_word' id='word_1_50' title='bbox 1129 976 1226 1050; x_wconf 75' lang='grc' dir='ltr'><strong><em>αὐτοὶ</em></strong></span> 
     </span>
     <span class='ocr_line' id='line_1_7' title="bbox 91 1066 1226 1170; baseline 0.011 -30"><span class='ocrx_word' id='word_1_51' title='bbox 91 1075 239 1159; x_wconf 68' lang='grc' dir='ltr'><strong><em>ἑωυτῶν,</em></strong></span> <span class='ocrx_word' id='word_1_52' title='bbox 261 1066 283 1159; x_wconf 79' lang='grc' dir='ltr'><strong><em>ἦ</em></strong></span> <span class='ocrx_word' id='word_1_53' title='bbox 307 1069 389 1161; x_wconf 79' lang='grc' dir='ltr'><strong><em>πρὸς</em></strong></span> <span class='ocrx_word' id='word_1_54' title='bbox 412 1068 559 1161; x_wconf 84' lang='grc' dir='ltr'><strong><em>Εόβοίη,</em></strong></span> <span class='ocrx_word' id='word_1_55' title='bbox 583 1076 646 1154; x_wconf 80' lang='grc' dir='ltr'><strong><em>τοῖς</em></strong></span> <span class='ocrx_word' id='word_1_56' title='bbox 663 1102 713 1155; x_wconf 79' lang='grc' dir='ltr'><strong>τις</strong></span> <span class='ocrx_word' id='word_1_57' title='bbox 730 1074 1003 1166; x_wconf 79' lang='grc' dir='ltr'><strong><em>προθυμεόμενος</em></strong></span> <span class='ocrx_word' id='word_1_58' title='bbox 1027 1082 1082 1149; x_wconf 81' lang='grc' dir='ltr'><strong>καὶ</strong></span> <span class='ocrx_word' id='word_1_59' title='bbox 1102 1086 1226 1170; x_wconf 78' lang='grc' dir='ltr'><strong><em>δειμαί-</em></strong></span> 
     </span>
     <span class='ocr_line' id='line_1_8' title="bbox 90 1171 1173 1268; baseline 0.008 -25"><span class='ocrx_word' id='word_1_60' title='bbox 90 1203 153 1243; x_wconf 90' lang='grc' dir='ltr'><strong>νων</strong></span> <span class='ocrx_word' id='word_1_61' title='bbox 168 1176 308 1261; x_wconf 80' lang='grc' dir='ltr'><strong><em>Ξέρξεα·</em></strong></span> <span class='ocrx_word' id='word_1_62' title='bbox 335 1171 449 1243; x_wconf 76' lang='grc' dir='ltr'><strong><em>ἐδόκεέ</em></strong></span> <span class='ocrx_word' id='word_1_63' title='bbox 463 1200 499 1242; x_wconf 90' lang='grc' dir='ltr'><strong>τε</strong></span> <span class='ocrx_word' id='word_1_64' title='bbox 518 1176 653 1256; x_wconf 80' lang='grc' dir='ltr'><strong><em>ἕκαστος</em></strong></span> <span class='ocrx_word' id='word_1_65' title='bbox 678 1172 805 1246; x_wconf 84' lang='grc' dir='ltr'><strong><em>ἑωυτόν</em></strong></span> <span class='ocrx_word' id='word_1_66' title='bbox 821 1175 1010 1266; x_wconf 79' lang='grc' dir='ltr'><strong><em>θεήσεσθαι</em></strong></span> <span class='ocrx_word' id='word_1_67' title='bbox 1027 1186 1173 1268; x_wconf 82' lang='grc' dir='ltr'><strong><em>βασιλέα.</em></strong></span> 
     </span>
    </p>

    <p class='ocr_par' dir='ltr' id='par_1_3' title="bbox 157 1271 1271 1372">
     <span class='ocr_line' id='line_1_9' title="bbox 157 1271 1271 1372; baseline 0.012 -28"><span class='ocrx_word' id='word_1_68' title='bbox 157 1271 253 1344; x_wconf 76' lang='grc' dir='ltr'><strong><em>Κατὰ</em></strong></span> <span class='ocrx_word' id='word_1_69' title='bbox 279 1275 341 1363; x_wconf 70' lang='grc' dir='ltr'><strong><em>μὲν</em></strong></span> <span class='ocrx_word' id='word_1_70' title='bbox 373 1272 414 1361; x_wconf 79' lang='grc' dir='ltr'><strong>δὴ</strong></span> <span class='ocrx_word' id='word_1_71' title='bbox 438 1271 515 1355; x_wconf 76' lang='grc' dir='ltr'><strong>τούς</strong></span> <span class='ocrx_word' id='word_1_72' title='bbox 538 1272 659 1357; x_wconf 77' lang='grc' dir='ltr'><strong><em>ἄλλους</em></strong></span> <span class='ocrx_word' id='word_1_73' title='bbox 685 1273 747 1346; x_wconf 73' lang='lat' dir='ltr'><strong>orla</strong></span> <span class='ocrx_word' id='word_1_74' title='bbox 774 1284 837 1367; x_wconf 82' lang='grc' dir='ltr'><strong>ἔχω</strong></span> <span class='ocrx_word' id='word_1_75' title='bbox 862 1284 1092 1372; x_wconf 81' lang='grc' dir='ltr'><strong><em>μετεξετέρους</em></strong></span> <span class='ocrx_word' id='word_1_76' title='bbox 1119 1290 1271 1358; x_wconf 78' lang='grc' dir='ltr'><strong><em>εἰπεῐν87</em></strong></span> 
     </span>
    </p>

    <p class='ocr_par' dir='ltr' id='par_1_4' title="bbox 86 1371 1226 1576">
     <span class='ocr_line' id='line_1_10' title="bbox 86 1371 1225 1473; baseline 0.011 -29"><span class='ocrx_word' id='word_1_77' title='bbox 86 1371 263 1464; x_wconf 81' lang='grc' dir='ltr'><strong><em>ἆτρεκέως,</em></strong></span> <span class='ocrx_word' id='word_1_78' title='bbox 289 1371 334 1457; x_wconf 72' lang='grc' dir='ltr'><strong>ὥς</strong></span> <span class='ocrx_word' id='word_1_79' title='bbox 352 1379 483 1446; x_wconf 83' lang='grc' dir='ltr'><strong><em>ἕκαστοι</em></strong></span> <span class='ocrx_word' id='word_1_80' title='bbox 506 1375 772 1469; x_wconf 71' lang='grc' dir='ltr'><strong><em>τῶνβαρβάρων</em></strong></span> <span class='ocrx_word' id='word_1_81' title='bbox 795 1375 901 1467; x_wconf 76' lang='grc' dir='ltr'><strong><em>ἧττόν</em></strong></span> <span class='ocrx_word' id='word_1_82' title='bbox 915 1376 1082 1470; x_wconf 69' lang='grc' dir='ltr'><strong><em>Ἑλλήνων</em></strong></span> <span class='ocrx_word' id='word_1_83' title='bbox 1104 1380 1225 1473; x_wconf 79' lang='grc' dir='ltr'><strong><em>ἠγωνί-</em></strong></span> 
     </span>
     <span class='ocr_line' id='line_1_11' title="bbox 86 1472 1226 1576; baseline 0.011 -32"><span class='ocrx_word' id='word_1_84' title='bbox 86 1484 188 1560; x_wconf 70' lang='grc' dir='ltr'><strong><em>ζοντο·</em></strong></span> <span class='ocrx_word' id='word_1_85' title='bbox 207 1475 294 1546; x_wconf 72' lang='grc' dir='ltr'><strong><em>κατὰ</em></strong></span> <span class='ocrx_word' id='word_1_86' title='bbox 317 1478 354 1547; x_wconf 79' lang='lat' dir='ltr'><strong>dl</strong></span> <span class='ocrx_word' id='word_1_87' title='bbox 375 1473 582 1569; x_wconf 84' lang='grc' dir='ltr'><strong><em>Ἀρτεμισίην</em></strong></span> <span class='ocrx_word' id='word_1_88' title='bbox 605 1477 685 1548; x_wconf 77' lang='grc' dir='ltr'><strong><em>τόδε</em></strong></span> <span class='ocrx_word' id='word_1_89' title='bbox 704 1482 850 1571; x_wconf 77' lang='grc' dir='ltr'><strong><em>ἐγένετο,</em></strong></span> <span class='ocrx_word' id='word_1_90' title='bbox 875 1478 933 1551; x_wconf 79' lang='grc' dir='ltr'><strong>ἆτ’</strong></span> <span class='ocrx_word' id='word_1_91' title='bbox 954 1472 1002 1553; x_wconf 80' lang='grc' dir='ltr'><strong><em>όν</em></strong></span> <span class='ocrx_word' id='word_1_92' title='bbox 1027 1482 1226 1576; x_wconf 78' lang='grc' dir='ltr'><strong><em>εὐδοκίμησε</em></strong></span> 
     </span>
    </p>
   </div>
   <div class='ocr_carea' id='block_1_3' title="bbox 9 1639 1267 4415">
    <p class='ocr_par' dir='ltr' id='par_1_5' title="bbox 9 1639 1267 4415">
     <span class='ocr_line' id='line_1_12' title="bbox 86 1639 1226 1715; baseline 0.011 -26"><span class='ocrx_word' id='word_1_93' title='bbox 86 1657 131 1706; x_wconf 86' lang='lat' dir='ltr'><strong>pra</strong></span> <span class='ocrx_word' id='word_1_94' title='bbox 147 1641 214 1703; x_wconf 91' lang='lat' dir='ltr'>VII,</span> <span class='ocrx_word' id='word_1_95' title='bbox 238 1642 298 1704; x_wconf 69' lang='lat'><strong>125,</strong></span> <span class='ocrx_word' id='word_1_96' title='bbox 320 1642 368 1691; x_wconf 91' lang='lat' dir='ltr'><strong>ubi</strong></span> <span class='ocrx_word' id='word_1_97' title='bbox 386 1642 441 1691; x_wconf 74' lang='lat' dir='ltr'><strong>viu</strong></span> <span class='ocrx_word' id='word_1_98' title='bbox 460 1648 526 1692; x_wconf 88' lang='lat' dir='ltr'><strong>nott.</strong></span> <span class='ocrx_word' id='word_1_99' title='bbox 568 1644 629 1694; x_wconf 88' lang='lat' dir='ltr'><strong>Hoc</strong></span> <span class='ocrx_word' id='word_1_100' title='bbox 682 1639 785 1708; x_wconf 83' lang='grc' dir='ltr'><strong><em>φύσιος</em></strong></span> <span class='ocrx_word' id='word_1_101' title='bbox 794 1645 891 1706; x_wconf 83' lang='lat' dir='ltr'>V‚118,</span> <span class='ocrx_word' id='word_1_102' title='bbox 904 1654 981 1697; x_wconf 78' lang='lat' dir='ltr'><strong>tentet</strong></span> <span class='ocrx_word' id='word_1_103' title='bbox 990 1650 1054 1712; x_wconf 82' lang='lat' dir='ltr'><strong>ipsis</strong></span> <span class='ocrx_word' id='word_1_104' title='bbox 1065 1652 1139 1699; x_wconf 84' lang='lat' dir='ltr'><strong>mutto</strong></span> <span class='ocrx_word' id='word_1_105' title='bbox 1147 1668 1226 1715; x_wconf 82' lang='lat' dir='ltr'><strong>prae-</strong></span> 
     </span>
     <span class='ocr_line' id='line_1_13' title="bbox 86 1708 1223 1782; baseline 0.01 -25"><span class='ocrx_word' id='word_1_106' title='bbox 86 1708 142 1759; x_wconf 87' lang='lat' dir='ltr'><strong>loeo</strong></span> <span class='ocrx_word' id='word_1_107' title='bbox 154 1714 309 1773; x_wconf 81' lang='lat' dir='ltr'><strong>alteroque,</strong></span> <span class='ocrx_word' id='word_1_108' title='bbox 328 1711 373 1774; x_wconf 93' lang='lat' dir='ltr'><strong>qui</strong></span> <span class='ocrx_word' id='word_1_109' title='bbox 386 1709 488 1775; x_wconf 86' lang='lat' dir='ltr'><strong>legitur</strong></span> <span class='ocrx_word' id='word_1_110' title='bbox 499 1711 572 1773; x_wconf 84' lang='lat' dir='ltr'>VIII,</span> <span class='ocrx_word' id='word_1_111' title='bbox 585 1710 627 1773; x_wconf 83' lang='lat'><strong>91,</strong></span> <span class='ocrx_word' id='word_1_112' title='bbox 679 1716 833 1775; x_wconf 79' lang='lat' dir='ltr'><strong>stantiores,</strong></span> <span class='ocrx_word' id='word_1_113' title='bbox 849 1730 919 1763; x_wconf 84' lang='lat' dir='ltr'><strong>suam</strong></span> <span class='ocrx_word' id='word_1_114' title='bbox 935 1719 1000 1764; x_wconf 81' lang='lat' dir='ltr'><strong>vetut</strong></span> <span class='ocrx_word' id='word_1_115' title='bbox 1017 1723 1133 1766; x_wconf 80' lang='lat' dir='ltr'><strong>acturum</strong></span> <span class='ocrx_word' id='word_1_116' title='bbox 1148 1735 1223 1782; x_wconf 76' lang='lat' dir='ltr'><strong>supe·</strong></span> 
     </span>
     <span class='ocr_line' id='line_1_14' title="bbox 85 1777 1225 1843; baseline 0.009 -18"><span class='ocrx_word' id='word_1_117' title='bbox 85 1777 331 1843; x_wconf 74' lang='lat' dir='ltr'><strong>Schweighaeuser</strong></span> <span class='ocrx_word' id='word_1_118' title='bbox 347 1778 375 1826; x_wconf 87' lang='lat' dir='ltr'><strong>in</strong></span> <span class='ocrx_word' id='word_1_119' title='bbox 388 1778 627 1829; x_wconf 81' lang='lat' dir='ltr'><strong>Lexic.Herodot.</strong></span> <span class='ocrx_word' id='word_1_120' title='bbox 679 1784 801 1832; x_wconf 79' lang='lat' dir='ltr'><strong>rantes.“</strong></span> <span class='ocrx_word' id='word_1_121' title='bbox 834 1781 984 1832; x_wconf 78' lang='lat' dir='ltr'><strong>Valcken.</strong></span> <span class='ocrx_word' id='word_1_122' title='bbox 1026 1783 1069 1832; x_wconf 90' lang='lat' dir='ltr'><strong>Tu</strong></span> <span class='ocrx_word' id='word_1_123' title='bbox 1087 1785 1124 1834; x_wconf 86' lang='lat' dir='ltr'><strong>cf.</strong></span> <span class='ocrx_word' id='word_1_124' title='bbox 1142 1787 1225 1835; x_wconf 84' lang='lat' dir='ltr'><strong>etiem</strong></span> 
     </span>
     <span class='ocr_line' id='line_1_15' title="bbox 86 1842 1225 1911; baseline 0.011 -20"><span class='ocrx_word' id='word_1_125' title='bbox 86 1842 118 1893; x_wconf 87' lang='lat'><strong>11.</strong></span> <span class='ocrx_word' id='word_1_126' title='bbox 134 1861 160 1909; x_wconf 89' lang='lat' dir='ltr'><strong>p.</strong></span> <span class='ocrx_word' id='word_1_127' title='bbox 174 1845 209 1893; x_wconf 75' lang='lat'><strong>42</strong></span> <span class='ocrx_word' id='word_1_128' title='bbox 227 1844 282 1893; x_wconf 86' lang='lat' dir='ltr'><strong>hcc</strong></span> <span class='ocrx_word' id='word_1_129' title='bbox 300 1845 412 1894; x_wconf 86' lang='lat' dir='ltr'><strong>verbum</strong></span> <span class='ocrx_word' id='word_1_130' title='bbox 432 1845 552 1910; x_wconf 81' lang='lat' dir='ltr'><strong>intelligi</strong></span> <span class='ocrx_word' id='word_1_131' title='bbox 569 1847 629 1898; x_wconf 85' lang='lat' dir='ltr'><strong>vult</strong></span> <span class='ocrx_word' id='word_1_132' title='bbox 679 1847 717 1908; x_wconf 86' lang='lat'><strong>11,</strong></span> <span class='ocrx_word' id='word_1_133' title='bbox 731 1847 764 1896; x_wconf 77' lang='lat'><strong>25</strong></span> <span class='ocrx_word' id='word_1_134' title='bbox 777 1853 805 1897; x_wconf 89' lang='lat' dir='ltr'><strong>et</strong></span> <span class='ocrx_word' id='word_1_135' title='bbox 817 1848 915 1898; x_wconf 86' lang='lat' dir='ltr'><strong>Matth.</strong></span> <span class='ocrx_word' id='word_1_136' title='bbox 927 1850 973 1898; x_wconf 86' lang='lat' dir='ltr'><strong>Gr.</strong></span> <span class='ocrx_word' id='word_1_137' title='bbox 985 1849 1033 1899; x_wconf 83' lang='lat' dir='ltr'><strong>Gr.</strong></span> <span class='ocrx_word' id='word_1_138' title='bbox 1042 1852 1066 1911; x_wconf 69' lang='grc' dir='ltr'><strong>ξ.</strong></span> <span class='ocrx_word' id='word_1_139' title='bbox 1077 1851 1137 1901; x_wconf 76' lang='grc'><strong>425.</strong></span> <span class='ocrx_word' id='word_1_140' title='bbox 1161 1854 1225 1903; x_wconf 85' lang='lat' dir='ltr'><strong>Mox</strong></span> 
     </span>
     <span class='ocr_line' id='line_1_16' title="bbox 84 1908 1226 1982; baseline 0.008 -21"><span class='ocrx_word' id='word_1_141' title='bbox 84 1911 114 1961; x_wconf 82' lang='lat' dir='ltr'><strong>de</strong></span> <span class='ocrx_word' id='word_1_142' title='bbox 126 1913 173 1975; x_wconf 87' lang='lat' dir='ltr'><strong>iis,</strong></span> <span class='ocrx_word' id='word_1_143' title='bbox 189 1915 237 1978; x_wconf 79' lang='lat' dir='ltr'><strong>qui</strong></span> <span class='ocrx_word' id='word_1_144' title='bbox 247 1927 333 1961; x_wconf 76' lang='grc' dir='ltr'><strong><em>σσοενι</em></strong></span> <span class='ocrx_word' id='word_1_145' title='bbox 344 1914 456 1963; x_wconf 78' lang='lat' dir='ltr'><strong>hostilem</strong></span> <span class='ocrx_word' id='word_1_146' title='bbox 468 1921 554 1963; x_wconf 79' lang='lat' dir='ltr'><strong>rostro</strong></span> <span class='ocrx_word' id='word_1_147' title='bbox 563 1930 626 1979; x_wconf 86' lang='lat' dir='ltr'><strong>per·</strong></span> <span class='ocrx_word' id='word_1_148' title='bbox 680 1916 780 1980; x_wconf 81' lang='lat' dir='ltr'><strong>scripsi</strong></span> <span class='ocrx_word' id='word_1_149' title='bbox 792 1908 914 1979; x_wconf 79' lang='grc' dir='ltr'><strong><em>Ξέρξεα,</em></strong></span> <span class='ocrx_word' id='word_1_150' title='bbox 929 1932 1000 1981; x_wconf 84' lang='lat' dir='ltr'><strong>quae</strong></span> <span class='ocrx_word' id='word_1_151' title='bbox 1014 1918 1085 1982; x_wconf 86' lang='lat' dir='ltr'><strong>apud</strong></span> <span class='ocrx_word' id='word_1_152' title='bbox 1098 1920 1226 1970; x_wconf 87' lang='lat' dir='ltr'><strong>Nostrum</strong></span> 
     </span>
     <span class='ocr_line' id='line_1_17' title="bbox 84 1981 1226 2045; baseline 0.008 -16"><span class='ocrx_word' id='word_1_153' title='bbox 84 1996 174 2029; x_wconf 76' lang='grc' dir='ltr'><strong><em>σιτιωι</em></strong></span> <span class='ocrx_word' id='word_1_154' title='bbox 184 1982 315 2045; x_wconf 81' lang='lat' dir='ltr'><strong>perdunt,</strong></span> <span class='ocrx_word' id='word_1_155' title='bbox 334 1982 489 2045; x_wconf 75' lang='lat' dir='ltr'><strong>deruerpunt.</strong></span> <span class='ocrx_word' id='word_1_156' title='bbox 525 1981 628 2032; x_wconf 85' lang='lat' dir='ltr'><strong>Multas</strong></span> <span class='ocrx_word' id='word_1_157' title='bbox 680 1983 731 2032; x_wconf 86' lang='lat' dir='ltr'><strong>hoe</strong></span> <span class='ocrx_word' id='word_1_158' title='bbox 757 1983 784 2032; x_wconf 90' lang='lat' dir='ltr'><strong>in</strong></span> <span class='ocrx_word' id='word_1_159' title='bbox 809 1985 918 2033; x_wconf 88' lang='lat' dir='ltr'><strong>nomine</strong></span> <span class='ocrx_word' id='word_1_160' title='bbox 939 1984 1048 2035; x_wconf 79' lang='lat' dir='ltr'><strong>videtur</strong></span> <span class='ocrx_word' id='word_1_161' title='bbox 1069 1988 1226 2038; x_wconf 85' lang='lat' dir='ltr'><strong>accusativi</strong></span> 
     </span>
     <span class='ocr_line' id='line_1_18' title="bbox 85 2048 1226 2120; baseline 0.009 -25"><span class='ocrx_word' id='word_1_162' title='bbox 85 2048 151 2097; x_wconf 86' lang='lat' dir='ltr'><strong>euim</strong></span> <span class='ocrx_word' id='word_1_163' title='bbox 164 2049 315 2098; x_wconf 74' lang='lat' dir='ltr'><strong>Persarum</strong></span> <span class='ocrx_word' id='word_1_164' title='bbox 332 2063 419 2097; x_wconf 84' lang='lat' dir='ltr'><strong>naves</strong></span> <span class='ocrx_word' id='word_1_165' title='bbox 431 2049 555 2113; x_wconf 84' lang='lat' dir='ltr'><strong>perditus</strong></span> <span class='ocrx_word' id='word_1_166' title='bbox 570 2048 629 2111; x_wconf 78' lang='lat' dir='ltr'><strong>(de-</strong></span> <span class='ocrx_word' id='word_1_167' title='bbox 681 2050 769 2099; x_wconf 83' lang='lat' dir='ltr'><strong>forma</strong></span> <span class='ocrx_word' id='word_1_168' title='bbox 787 2052 870 2113; x_wconf 86' lang='lat' dir='ltr'><strong>(conf.</strong></span> <span class='ocrx_word' id='word_1_169' title='bbox 884 2051 999 2102; x_wconf 83' lang='lat' dir='ltr'><strong>Bredev.</strong></span> <span class='ocrx_word' id='word_1_170' title='bbox 1018 2068 1083 2118; x_wconf 83' lang='lat' dir='ltr'><strong>pag.</strong></span> <span class='ocrx_word' id='word_1_171' title='bbox 1097 2054 1159 2117; x_wconf 74' lang='lat'><strong>228)</strong></span> <span class='ocrx_word' id='word_1_172' title='bbox 1176 2070 1226 2120; x_wconf 87' lang='lat' dir='ltr'><strong>pro</strong></span> 
     </span>
     <span class='ocr_line' id='line_1_19' title="bbox 84 2111 1225 2183; baseline 0.007 -19"><span class='ocrx_word' id='word_1_173' title='bbox 84 2115 491 2177; x_wconf 79' lang='lat' dir='ltr'><strong>mersssesse)traditNester.</strong></span> <span class='ocrx_word' id='word_1_174' title='bbox 518 2115 629 2167; x_wconf 77' lang='lat' dir='ltr'><strong>Aliade</strong></span> <span class='ocrx_word' id='word_1_175' title='bbox 680 2111 802 2183; x_wconf 75' lang='grc' dir='ltr'><strong><em>Ξέρξην.</em></strong></span> <span class='ocrx_word' id='word_1_176' title='bbox 841 2119 911 2170; x_wconf 85' lang='lat' dir='ltr'><strong>Add.</strong></span> <span class='ocrx_word' id='word_1_177' title='bbox 935 2120 1012 2180; x_wconf 84' lang='lat' dir='ltr'>VIII,</span> <span class='ocrx_word' id='word_1_178' title='bbox 1031 2118 1073 2170; x_wconf 83' lang='lat'><strong>88.</strong></span> <span class='ocrx_word' id='word_1_179' title='bbox 1095 2121 1151 2171; x_wconf 78' lang='lat'>110.</span> <span class='ocrx_word' id='word_1_180' title='bbox 1193 2125 1225 2172; x_wconf 92' lang='lat' dir='ltr'><strong>In</strong></span> 
     </span>
     <span class='ocr_line' id='line_1_20' title="bbox 85 2180 1224 2265; baseline 0.008 -34"><span class='ocrx_word' id='word_1_181' title='bbox 85 2182 130 2232; x_wconf 85' lang='lat' dir='ltr'><strong>hee</strong></span> <span class='ocrx_word' id='word_1_182' title='bbox 147 2183 236 2234; x_wconf 77' lang='lat' dir='ltr'><strong>serbo</strong></span> <span class='ocrx_word' id='word_1_183' title='bbox 255 2181 343 2233; x_wconf 84' lang='lat' dir='ltr'><strong>allata</strong></span> <span class='ocrx_word' id='word_1_184' title='bbox 365 2185 487 2248; x_wconf 82' lang='lat' dir='ltr'><strong>reperies</strong></span> <span class='ocrx_word' id='word_1_185' title='bbox 510 2184 539 2233; x_wconf 89' lang='lat' dir='ltr'><strong>iu</strong></span> <span class='ocrx_word' id='word_1_186' title='bbox 557 2186 628 2234; x_wconf 87' lang='lat' dir='ltr'><strong>The·</strong></span> <span class='ocrx_word' id='word_1_187' title='bbox 680 2187 773 2235; x_wconf 86' lang='lat' dir='ltr'><strong>verbis</strong></span> <span class='ocrx_word' id='word_1_188' title='bbox 794 2187 974 2265; x_wconf 84' lang='lat' dir='ltr'><strong>sequentibus</strong></span> <span class='ocrx_word' id='word_1_189' title='bbox 993 2180 1092 2239; x_wconf 73' lang='grc' dir='ltr'><strong><em>ἐδόκεέ</em></strong></span> <span class='ocrx_word' id='word_1_190' title='bbox 1109 2204 1138 2239; x_wconf 82' lang='grc' dir='ltr'><strong>τε</strong></span> <span class='ocrx_word' id='word_1_191' title='bbox 1160 2184 1224 2241; x_wconf 76' lang='grc' dir='ltr'><strong><em>ἕνα·</em></strong></span> 
     </span>
     <span class='ocr_line' id='line_1_21' title="bbox 84 2243 1224 2319; baseline 0.01 -21"><span class='ocrx_word' id='word_1_192' title='bbox 84 2265 150 2299; x_wconf 79' lang='grc' dir='ltr'><strong><em>ιεστ.</em></strong></span> <span class='ocrx_word' id='word_1_193' title='bbox 168 2251 253 2314; x_wconf 83' lang='lat' dir='ltr'><strong>Ling.</strong></span> <span class='ocrx_word' id='word_1_194' title='bbox 274 2250 372 2300; x_wconf 81' lang='lat' dir='ltr'><strong>Graec.</strong></span> <span class='ocrx_word' id='word_1_195' title='bbox 390 2251 449 2301; x_wconf 86' lang='lat' dir='ltr'><strong>Vol.</strong></span> <span class='ocrx_word' id='word_1_196' title='bbox 463 2252 508 2300; x_wconf 92' lang='lat' dir='ltr'><strong>IV.</strong></span> <span class='ocrx_word' id='word_1_197' title='bbox 523 2268 549 2318; x_wconf 90' lang='lat' dir='ltr'><strong>p.</strong></span> <span class='ocrx_word' id='word_1_198' title='bbox 564 2251 629 2302; x_wconf 75' lang='lat'>1445</span> <span class='ocrx_word' id='word_1_199' title='bbox 680 2267 743 2311; x_wconf 84' lang='grc' dir='ltr'><strong><em>στος</em></strong></span> <span class='ocrx_word' id='word_1_200' title='bbox 753 2243 859 2304; x_wconf 72' lang='grc' dir='ltr'><strong><em>ἔωυτον</em></strong></span> <span class='ocrx_word' id='word_1_201' title='bbox 871 2247 1038 2319; x_wconf 77' lang='grc' dir='ltr'><strong><em>θεήσασθαι</em></strong></span> <span class='ocrx_word' id='word_1_202' title='bbox 1051 2251 1169 2319; x_wconf 72' lang='grc' dir='ltr'><strong><em>βασιλέα</em></strong></span> <span class='ocrx_word' id='word_1_203' title='bbox 1179 2274 1224 2308; x_wconf 81' lang='lat' dir='ltr'><strong>ex-</strong></span> 
     </span>
     <span class='ocr_line' id='line_1_22' title="bbox 85 2314 1225 2386; baseline 0.008 -19"><span class='ocrx_word' id='word_1_204' title='bbox 85 2318 123 2367; x_wconf 89' lang='lat' dir='ltr'><strong>ed.</strong></span> <span class='ocrx_word' id='word_1_205' title='bbox 141 2317 274 2368; x_wconf 75' lang='lat' dir='ltr'><strong>Diodori.</strong></span> <span class='ocrx_word' id='word_1_206' title='bbox 315 2318 356 2367; x_wconf 77' lang='lat' dir='ltr'><strong>Ad</strong></span> <span class='ocrx_word' id='word_1_207' title='bbox 379 2314 411 2368; x_wconf 79' lang='grc' dir='ltr'><strong><em>τὸ</em></strong></span> <span class='ocrx_word' id='word_1_208' title='bbox 435 2317 549 2383; x_wconf 71' lang='grc' dir='ltr'><strong><em>πλῆθος</em></strong></span> <span class='ocrx_word' id='word_1_209' title='bbox 573 2318 629 2369; x_wconf 76' lang='grc' dir='ltr'><strong>τῶν</strong></span> <span class='ocrx_word' id='word_1_210' title='bbox 679 2320 756 2370; x_wconf 90' lang='lat' dir='ltr'><strong>hibui</strong></span> <span class='ocrx_word' id='word_1_211' title='bbox 769 2314 951 2386; x_wconf 77' lang='grc' dir='ltr'><strong><em>θεήσασθαι,</em></strong></span> <span class='ocrx_word' id='word_1_212' title='bbox 965 2324 1036 2386; x_wconf 87' lang='lat' dir='ltr'><strong>quod</strong></span> <span class='ocrx_word' id='word_1_213' title='bbox 1049 2324 1225 2376; x_wconf 68' lang='lat' dir='ltr'><strong>I‘lorentinus</strong></span> 
     </span>
     <span class='ocr_line' id='line_1_23' title="bbox 85 2380 1224 2452; baseline 0.005 -16"><span class='ocrx_word' id='word_1_214' title='bbox 85 2384 155 2449; x_wconf 66' lang='grc' dir='ltr'><strong><em>νηόν</em></strong></span> <span class='ocrx_word' id='word_1_215' title='bbox 170 2390 304 2451; x_wconf 82' lang='lat' dir='ltr'><strong>spectant</strong></span> <span class='ocrx_word' id='word_1_216' title='bbox 319 2401 394 2450; x_wconf 83' lang='lat' dir='ltr'><strong>seqq.</strong></span> <span class='ocrx_word' id='word_1_217' title='bbox 408 2380 442 2436; x_wconf 78' lang='grc' dir='ltr'><strong>αῖ</strong></span> <span class='ocrx_word' id='word_1_218' title='bbox 452 2380 518 2452; x_wconf 68' lang='grc' dir='ltr'><strong><em>μέν,</em></strong></span> <span class='ocrx_word' id='word_1_219' title='bbox 537 2381 569 2436; x_wconf 80' lang='grc' dir='ltr'><strong>αἱ</strong></span> <span class='ocrx_word' id='word_1_220' title='bbox 586 2381 627 2447; x_wconf 77' lang='lat' dir='ltr'><strong>dl,</strong></span> <span class='ocrx_word' id='word_1_221' title='bbox 679 2388 751 2438; x_wconf 88' lang='lat' dir='ltr'><strong>liber</strong></span> <span class='ocrx_word' id='word_1_222' title='bbox 774 2404 834 2438; x_wconf 88' lang='lat' dir='ltr'><strong>cum</strong></span> <span class='ocrx_word' id='word_1_223' title='bbox 855 2389 959 2438; x_wconf 88' lang='lat' dir='ltr'><strong>duobus</strong></span> <span class='ocrx_word' id='word_1_224' title='bbox 976 2390 1110 2441; x_wconf 83' lang='lat' dir='ltr'><strong>ParisinIs</strong></span> <span class='ocrx_word' id='word_1_225' title='bbox 1127 2392 1224 2442; x_wconf 84' lang='lat' dir='ltr'><strong>offere-</strong></span> 
     </span>
     <span class='ocr_line' id='line_1_24' title="bbox 86 2449 1224 2524; baseline 0.007 -23"><span class='ocrx_word' id='word_1_226' title='bbox 86 2454 173 2504; x_wconf 80' lang='lat' dir='ltr'><strong>eodem</strong></span> <span class='ocrx_word' id='word_1_227' title='bbox 187 2458 346 2503; x_wconf 82' lang='lat' dir='ltr'><strong>structurae</strong></span> <span class='ocrx_word' id='word_1_228' title='bbox 359 2469 474 2518; x_wconf 85' lang='lat' dir='ltr'><strong>genere,</strong></span> <span class='ocrx_word' id='word_1_229' title='bbox 489 2455 558 2518; x_wconf 89' lang='lat' dir='ltr'><strong>quod</strong></span> <span class='ocrx_word' id='word_1_230' title='bbox 572 2472 627 2506; x_wconf 85' lang='lat' dir='ltr'><strong>mo·</strong></span> <span class='ocrx_word' id='word_1_231' title='bbox 679 2456 728 2504; x_wconf 87' lang='lat' dir='ltr'><strong>bet</strong></span> <span class='ocrx_word' id='word_1_232' title='bbox 745 2471 793 2519; x_wconf 90' lang='lat' dir='ltr'><strong>pro</strong></span> <span class='ocrx_word' id='word_1_233' title='bbox 810 2456 925 2520; x_wconf 79' lang='lat' dir='ltr'><strong>vulgata</strong></span> <span class='ocrx_word' id='word_1_234' title='bbox 942 2449 1118 2520; x_wconf 73' lang='grc' dir='ltr'><strong><em>θεήσεσθαι,</em></strong></span> <span class='ocrx_word' id='word_1_235' title='bbox 1141 2458 1224 2524; x_wconf 90' lang='lat' dir='ltr'><strong>plane</strong></span> 
     </span>
     <span class='ocr_line' id='line_1_25' title="bbox 9 2519 1224 2585; baseline 0.004 -15"><span class='ocrx_word' id='word_1_236' title='bbox 9 2526 10 2529; x_wconf 78' lang='grc'>’</span> <span class='ocrx_word' id='word_1_237' title='bbox 84 2521 114 2570; x_wconf 88' lang='lat' dir='ltr'><strong>de</strong></span> <span class='ocrx_word' id='word_1_238' title='bbox 131 2522 214 2585; x_wconf 82' lang='lat' dir='ltr'><strong>attigi</strong></span> <span class='ocrx_word' id='word_1_239' title='bbox 234 2521 270 2571; x_wconf 76' lang='lat' dir='ltr'><strong>ad</strong></span> <span class='ocrx_word' id='word_1_240' title='bbox 287 2537 321 2571; x_wconf 86' lang='lat' dir='ltr'><strong>ea</strong></span> <span class='ocrx_word' id='word_1_241' title='bbox 341 2558 348 2572; x_wconf 89' lang='lat'><strong>.</strong></span> <span class='ocrx_word' id='word_1_242' title='bbox 366 2519 408 2570; x_wconf 81' lang='lat'><strong>84.</strong></span> <span class='ocrx_word' id='word_1_243' title='bbox 444 2521 524 2573; x_wconf 75' lang='lat' dir='ltr'><strong>Cous.</strong></span> <span class='ocrx_word' id='word_1_244' title='bbox 543 2524 628 2573; x_wconf 87' lang='lat' dir='ltr'><strong>etiam</strong></span> <span class='ocrx_word' id='word_1_245' title='bbox 678 2527 709 2571; x_wconf 89' lang='lat' dir='ltr'><strong>nt</strong></span> <span class='ocrx_word' id='word_1_246' title='bbox 721 2522 798 2583; x_wconf 83' lang='lat' dir='ltr'>VIII,</span> <span class='ocrx_word' id='word_1_247' title='bbox 817 2523 859 2572; x_wconf 78' lang='lat'><strong>25.</strong></span> <span class='ocrx_word' id='word_1_248' title='bbox 895 2524 938 2572; x_wconf 85' lang='lat' dir='ltr'><strong>Dc</strong></span> <span class='ocrx_word' id='word_1_249' title='bbox 957 2525 1119 2575; x_wconf 83' lang='lat' dir='ltr'><strong>accusativo</strong></span> <span class='ocrx_word' id='word_1_250' title='bbox 1138 2530 1165 2573; x_wconf 87' lang='lat' dir='ltr'><strong>et</strong></span> <span class='ocrx_word' id='word_1_251' title='bbox 1183 2528 1224 2575; x_wconf 92' lang='lat' dir='ltr'><strong>in·</strong></span> 
     </span>
     <span class='ocr_line' id='line_1_26' title="bbox 9 2538 1225 2669; baseline 0.003 -31"><span class='ocrx_word' id='word_1_252' title='bbox 9 2624 12 2657; x_wconf 77' lang='grc'><strong><em>,</em></strong></span> <span class='ocrx_word' id='word_1_253' title='bbox 85 2588 195 2669; x_wconf 70' lang='lat' dir='ltr'><strong>eapffi.</strong></span> <span class='ocrx_word' id='word_1_254' title='bbox 234 2538 626 2667; x_wconf 52' lang='lat' dir='ltr'><strong>Neepllterpaulqinserius:</strong></span> <span class='ocrx_word' id='word_1_255' title='bbox 678 2590 800 2650; x_wconf 83' lang='lat' dir='ltr'><strong>finitIvo,</strong></span> <span class='ocrx_word' id='word_1_256' title='bbox 824 2590 870 2654; x_wconf 92' lang='lat' dir='ltr'><strong>qui</strong></span> <span class='ocrx_word' id='word_1_257' title='bbox 894 2591 998 2655; x_wconf 81' lang='lat' dir='ltr'><strong>excipit</strong></span> <span class='ocrx_word' id='word_1_258' title='bbox 1020 2592 1105 2641; x_wconf 83' lang='lat' dir='ltr'><strong>verba</strong></span> <span class='ocrx_word' id='word_1_259' title='bbox 1128 2584 1225 2643; x_wconf 74' lang='grc' dir='ltr'><strong><em>ἐδόκεε</em></strong></span> 
     </span>
     <span class='ocr_line' id='line_1_27' title="bbox 10 2648 1123 2722; baseline 0 -15"><span class='ocrx_word' id='word_1_260' title='bbox 10 2662 12 2669; x_wconf 91' lang='grc'><strong>“</strong></span> <span class='ocrx_word' id='word_1_261' title='bbox 86 2648 214 2721; x_wconf 61' lang='lat' dir='ltr'><strong>beseno</strong></span> <span class='ocrx_word' id='word_1_262' title='bbox 233 2684 265 2693; x_wconf 89' lang='lat'>—</span> <span class='ocrx_word' id='word_1_263' title='bbox 282 2654 434 2721; x_wconf 77' lang='grc' dir='ltr'><strong><em>αμείνονες</em></strong></span> <span class='ocrx_word' id='word_1_264' title='bbox 456 2654 539 2708; x_wconf 76' lang='grc' dir='ltr'><strong><em>αυτοὶ</em></strong></span> <span class='ocrx_word' id='word_1_265' title='bbox 560 2648 627 2708; x_wconf 72' lang='grc' dir='ltr'><strong><em>ἔων-</em></strong></span> <span class='ocrx_word' id='word_1_266' title='bbox 680 2652 879 2722; x_wconf 77' lang='grc' dir='ltr'><strong><em>ἕιιαστος,νίι1.</em></strong></span> <span class='ocrx_word' id='word_1_267' title='bbox 894 2656 982 2709; x_wconf 83' lang='lat' dir='ltr'><strong>allate</strong></span> <span class='ocrx_word' id='word_1_268' title='bbox 994 2658 1067 2720; x_wconf 88' lang='lat' dir='ltr'><strong>adl,</strong></span> <span class='ocrx_word' id='word_1_269' title='bbox 1082 2659 1123 2710; x_wconf 76' lang='lat'><strong>34.</strong></span> 
     </span>
     <span class='ocr_line' id='line_1_28' title="bbox 86 2721 628 2791; baseline 0.006 -18"><span class='ocrx_word' id='word_1_270' title='bbox 86 2724 134 2773; x_wconf 72' lang='grc' dir='ltr'><strong><em>τότ</em></strong></span> <span class='ocrx_word' id='word_1_271' title='bbox 145 2752 181 2760; x_wconf 88' lang='grc'><strong>-</strong></span> <span class='ocrx_word' id='word_1_272' title='bbox 191 2722 253 2782; x_wconf 72' lang='grc' dir='ltr'><strong><em>τεοῖς</em></strong></span> <span class='ocrx_word' id='word_1_273' title='bbox 270 2740 313 2783; x_wconf 80' lang='grc' dir='ltr'><strong>τις</strong></span> <span class='ocrx_word' id='word_1_274' title='bbox 329 2721 566 2791; x_wconf 75' lang='grc' dir='ltr'><strong><em>προθυμεόμενος</em></strong></span> <span class='ocrx_word' id='word_1_275' title='bbox 578 2722 628 2776; x_wconf 71' lang='grc' dir='ltr'><strong>καὶ</strong></span> 
     </span>
     <span class='ocr_line' id='line_1_29' title="bbox 88 2783 1068 2878; baseline 0.003 -38"><span class='ocrx_word' id='word_1_276' title='bbox 88 2789 241 2857; x_wconf 65' lang='grc' dir='ltr'><strong><em>δειμαίνων</em></strong></span> <span class='ocrx_word' id='word_1_277' title='bbox 251 2785 380 2857; x_wconf 74' lang='grc' dir='ltr'><strong><em>Ξέρξην·</em></strong></span> <span class='ocrx_word' id='word_1_278' title='bbox 399 2783 498 2844; x_wconf 76' lang='grc' dir='ltr'><strong><em>ἐδόκεέ</em></strong></span> <span class='ocrx_word' id='word_1_279' title='bbox 515 2808 545 2845; x_wconf 84' lang='grc' dir='ltr'><strong>τε</strong></span> <span class='ocrx_word' id='word_1_280' title='bbox 564 2787 627 2844; x_wconf 72' lang='grc' dir='ltr'><strong><em>ἕνα·</em></strong></span> <span class='ocrx_word' id='word_1_281' title='bbox 828 2825 885 2876; x_wconf 51' lang='grc'><strong>0,,</strong></span> <span class='ocrx_word' id='word_1_282' title='bbox 913 2827 1068 2878; x_wconf 67' lang='lat' dir='ltr'>LXXXVII</span> 
     </span>
     <span class='ocr_line' id='line_1_30' title="bbox 87 2860 1078 2924; baseline 0.001 -13"><span class='ocrx_word' id='word_1_283' title='bbox 87 2873 145 2919; x_wconf 77' lang='grc' dir='ltr'><strong><em>στος</em></strong></span> <span class='ocrx_word' id='word_1_284' title='bbox 160 2877 186 2911; x_wconf 83' lang='grc' dir='ltr'><strong><em>ιι.</em></strong></span> <span class='ocrx_word' id='word_1_285' title='bbox 206 2876 231 2912; x_wconf 85' lang='grc' dir='ltr'><strong>τ.</strong></span> <span class='ocrx_word' id='word_1_286' title='bbox 249 2860 288 2919; x_wconf 71' lang='lat' dir='ltr'><strong>t..</strong></span> <span class='ocrx_word' id='word_1_287' title='bbox 313 2875 383 2924; x_wconf 84' lang='lat' dir='ltr'><strong>quae</strong></span> <span class='ocrx_word' id='word_1_288' title='bbox 406 2866 511 2910; x_wconf 87' lang='lat' dir='ltr'><strong>tractat</strong></span> <span class='ocrx_word' id='word_1_289' title='bbox 526 2861 626 2913; x_wconf 85' lang='lat' dir='ltr'><strong>Matth.</strong></span> <span class='ocrx_word' id='word_1_290' title='bbox 888 2864 895 2876; x_wconf 76' lang='lat'><em>⁶</em></span> <span class='ocrx_word' id='word_1_291' title='bbox 1071 2864 1078 2878; x_wconf 84' lang='lat'>&#39;</span> 
     </span>
     <span class='ocr_line' id='line_1_31' title="bbox 87 2917 1222 2996; baseline 0.004 -20"><span class='ocrx_word' id='word_1_292' title='bbox 87 2927 128 2978; x_wconf 83' lang='lat' dir='ltr'><strong>Gr.</strong></span> <span class='ocrx_word' id='word_1_293' title='bbox 147 2930 194 2980; x_wconf 88' lang='lat' dir='ltr'><strong>Gr.</strong></span> <span class='ocrx_word' id='word_1_294' title='bbox 212 2930 237 2990; x_wconf 65' lang='grc' dir='ltr'><strong>θ.</strong></span> <span class='ocrx_word' id='word_1_295' title='bbox 256 2927 319 2986; x_wconf 73' lang='lat'><strong>302,</strong></span> <span class='ocrx_word' id='word_1_296' title='bbox 334 2944 359 2978; x_wconf 83' lang='lat' dir='ltr'><strong>a.</strong></span> <span class='ocrx_word' id='word_1_297' title='bbox 379 2933 408 2978; x_wconf 89' lang='lat' dir='ltr'><strong>et</strong></span> <span class='ocrx_word' id='word_1_298' title='bbox 423 2930 447 2990; x_wconf 63' lang='grc' dir='ltr'><strong>ὃ.</strong></span> <span class='ocrx_word' id='word_1_299' title='bbox 461 2927 524 2991; x_wconf 76' lang='grc'><strong>562,</strong></span> <span class='ocrx_word' id='word_1_300' title='bbox 541 2929 552 2978; x_wconf 96' lang='lat' dir='ltr'><strong>l</strong></span> <span class='ocrx_word' id='word_1_301' title='bbox 571 2934 627 2980; x_wconf 84' lang='lat' dir='ltr'><strong>not.</strong></span> <span class='ocrx_word' id='word_1_302' title='bbox 712 2920 793 2978; x_wconf 72' lang='grc' dir='ltr'><strong><em>Κατὰ</em></strong></span> <span class='ocrx_word' id='word_1_303' title='bbox 806 2920 860 2993; x_wconf 71' lang='lat' dir='ltr'><strong>pls</strong></span> <span class='ocrx_word' id='word_1_304' title='bbox 873 2922 909 2994; x_wconf 77' lang='grc' dir='ltr'><strong>δὴ</strong></span> <span class='ocrx_word' id='word_1_305' title='bbox 921 2921 989 2987; x_wconf 78' lang='grc' dir='ltr'><strong><em>τοὺς</em></strong></span> <span class='ocrx_word' id='word_1_306' title='bbox 1000 2917 1103 2988; x_wconf 72' lang='grc' dir='ltr'><strong><em>ἄλλους</em></strong></span> <span class='ocrx_word' id='word_1_307' title='bbox 1115 2946 1141 2979; x_wconf 85' lang='grc' dir='ltr'><strong><em>ιι.</em></strong></span> <span class='ocrx_word' id='word_1_308' title='bbox 1152 2947 1177 2980; x_wconf 87' lang='grc' dir='ltr'><strong>τ.</strong></span> <span class='ocrx_word' id='word_1_309' title='bbox 1188 2928 1222 2996; x_wconf 69' lang='lat' dir='ltr'><strong>b]</strong></span> 
     </span>
     <span class='ocr_line' id='line_1_32' title="bbox 87 2991 1223 3062; baseline 0.002 -16"><span class='ocrx_word' id='word_1_310' title='bbox 87 2997 183 3046; x_wconf 91' lang='lat' dir='ltr'><strong>-Pro</strong></span> <span class='ocrx_word' id='word_1_311' title='bbox 200 2991 382 3059; x_wconf 73' lang='grc' dir='ltr'><strong><em>τεταγμένων</em></strong></span> <span class='ocrx_word' id='word_1_312' title='bbox 399 2996 521 3047; x_wconf 89' lang='lat' dir='ltr'><strong>Koenius</strong></span> <span class='ocrx_word' id='word_1_313' title='bbox 542 2997 627 3047; x_wconf 79' lang='lat' dir='ltr'><strong>scribi</strong></span> <span class='ocrx_word' id='word_1_314' title='bbox 678 2996 926 3062; x_wconf 76' lang='lat' dir='ltr'><strong>Schweighaeuser</strong></span> <span class='ocrx_word' id='word_1_315' title='bbox 939 2998 1016 3057; x_wconf 77' lang='lat' dir='ltr'><strong>(Lex.</strong></span> <span class='ocrx_word' id='word_1_316' title='bbox 1035 2998 1168 3048; x_wconf 87' lang='lat' dir='ltr'><strong>Herodot.</strong></span> <span class='ocrx_word' id='word_1_317' title='bbox 1188 3000 1223 3049; x_wconf 92' lang='lat' dir='ltr'><strong>II.</strong></span> 
     </span>
     <span class='ocr_line' id='line_1_33' title="bbox 89 3057 1225 3131; baseline 0.004 -20"><span class='ocrx_word' id='word_1_318' title='bbox 89 3064 179 3114; x_wconf 78' lang='lat' dir='ltr'><strong>naluit</strong></span> <span class='ocrx_word' id='word_1_319' title='bbox 194 3057 387 3128; x_wconf 78' lang='grc' dir='ltr'><strong><em>τεταγμένως,</em></strong></span> <span class='ocrx_word' id='word_1_320' title='bbox 411 3079 464 3129; x_wconf 89' lang='lat' dir='ltr'><strong>qno</strong></span> <span class='ocrx_word' id='word_1_321' title='bbox 482 3069 574 3115; x_wconf 87' lang='lat' dir='ltr'><strong>tamen</strong></span> <span class='ocrx_word' id='word_1_322' title='bbox 592 3064 626 3113; x_wconf 90' lang='lat' dir='ltr'><strong>li·</strong></span> <span class='ocrx_word' id='word_1_323' title='bbox 679 3081 705 3129; x_wconf 88' lang='lat' dir='ltr'><strong>p.</strong></span> <span class='ocrx_word' id='word_1_324' title='bbox 729 3063 786 3125; x_wconf 83' lang='lat'>102)</span> <span class='ocrx_word' id='word_1_325' title='bbox 811 3064 851 3113; x_wconf 86' lang='lat' dir='ltr'><strong>sic</strong></span> <span class='ocrx_word' id='word_1_326' title='bbox 877 3064 1008 3114; x_wconf 79' lang='lat' dir='ltr'><strong>reddidit:</strong></span> <span class='ocrx_word' id='word_1_327' title='bbox 1037 3067 1091 3123; x_wconf 84' lang='lat' dir='ltr'><strong>„ad</strong></span> <span class='ocrx_word' id='word_1_328' title='bbox 1113 3069 1225 3131; x_wconf 79' lang='lat' dir='ltr'><strong>reliquos</strong></span> 
     </span>
     <span class='ocr_line' id='line_1_34' title="bbox 88 3129 1223 3208; baseline 0.004 -30"><span class='ocrx_word' id='word_1_329' title='bbox 88 3129 140 3180; x_wconf 86' lang='lat' dir='ltr'><strong>bris</strong></span> <span class='ocrx_word' id='word_1_330' title='bbox 167 3132 281 3196; x_wconf 87' lang='lat' dir='ltr'><strong>scriptis</strong></span> <span class='ocrx_word' id='word_1_331' title='bbox 309 3132 521 3182; x_wconf 78' lang='lat' dir='ltr'><strong>adversantibus</strong></span> <span class='ocrx_word' id='word_1_332' title='bbox 554 3132 626 3208; x_wconf 73' lang='lat' dir='ltr'><strong>haud</strong></span> <span class='ocrx_word' id='word_1_333' title='bbox 679 3134 746 3197; x_wconf 83' lang='lat' dir='ltr'><strong>qnod</strong></span> <span class='ocrx_word' id='word_1_334' title='bbox 761 3136 866 3190; x_wconf 78' lang='lat' dir='ltr'><strong>attinet,</strong></span> <span class='ocrx_word' id='word_1_335' title='bbox 891 3134 923 3182; x_wconf 82' lang='lat' dir='ltr'><strong>de</strong></span> <span class='ocrx_word' id='word_1_336' title='bbox 941 3147 1025 3183; x_wconf 81' lang='lat' dir='ltr'><strong>eorum</strong></span> <span class='ocrx_word' id='word_1_337' title='bbox 1043 3137 1167 3184; x_wconf 78' lang='lat' dir='ltr'><strong>rronnuttis</strong></span> <span class='ocrx_word' id='word_1_338' title='bbox 1184 3136 1223 3183; x_wconf 86' lang='lat' dir='ltr'><strong>di-</strong></span> 
     </span>
     <span class='ocr_line' id='line_1_35' title="bbox 88 3200 1225 3267; baseline 0.004 -22"><span class='ocrx_word' id='word_1_339' title='bbox 88 3212 159 3262; x_wconf 77' lang='lat' dir='ltr'><strong>opus.</strong></span> <span class='ocrx_word' id='word_1_340' title='bbox 198 3200 258 3249; x_wconf 82' lang='lat' dir='ltr'><strong>Nec</strong></span> <span class='ocrx_word' id='word_1_341' title='bbox 275 3200 364 3264; x_wconf 85' lang='lat' dir='ltr'><strong>magis</strong></span> <span class='ocrx_word' id='word_1_342' title='bbox 381 3215 449 3265; x_wconf 86' lang='lat' dir='ltr'><strong>opus</strong></span> <span class='ocrx_word' id='word_1_343' title='bbox 468 3200 627 3250; x_wconf 75' lang='lat' dir='ltr'><strong>videturne</strong></span> <span class='ocrx_word' id='word_1_344' title='bbox 678 3215 737 3249; x_wconf 84' lang='lat' dir='ltr'><strong>cere</strong></span> <span class='ocrx_word' id='word_1_345' title='bbox 760 3215 811 3248; x_wconf 79' lang='lat' dir='ltr'><strong>nou</strong></span> <span class='ocrx_word' id='word_1_346' title='bbox 833 3215 946 3263; x_wconf 80' lang='lat' dir='ltr'><strong>possam,</strong></span> <span class='ocrx_word' id='word_1_347' title='bbox 972 3217 1020 3265; x_wconf 82' lang='lat' dir='ltr'><strong>que</strong></span> <span class='ocrx_word' id='word_1_348' title='bbox 1036 3207 1116 3265; x_wconf 81' lang='lat' dir='ltr'><strong>pecto</strong></span> <span class='ocrx_word' id='word_1_349' title='bbox 1134 3203 1177 3267; x_wconf 82' lang='lat' dir='ltr'><strong>qui</strong></span> <span class='ocrx_word' id='word_1_350' title='bbox 1195 3217 1225 3250; x_wconf 86' lang='lat' dir='ltr'><strong>ne</strong></span> 
     </span>
     <span class='ocr_line' id='line_1_36' title="bbox 89 3219 1267 3333; baseline 0.003 -19"><span class='ocrx_word' id='word_1_351' title='bbox 89 3257 281 3332; x_wconf 75' lang='grc' dir='ltr'><strong><em>ρῐοριετοῦτε,</em></strong></span> <span class='ocrx_word' id='word_1_352' title='bbox 295 3267 511 3332; x_wconf 89' lang='lat' dir='ltr'><strong>quodsequitur,</strong></span> <span class='ocrx_word' id='word_1_353' title='bbox 524 3272 629 3317; x_wconf 84' lang='lat' dir='ltr'><strong>mutare</strong></span> <span class='ocrx_word' id='word_1_354' title='bbox 679 3267 883 3331; x_wconf 78' lang='lat' dir='ltr'><strong>prtpncoeriat.“</strong></span> <span class='ocrx_word' id='word_1_355' title='bbox 923 3267 978 3317; x_wconf 87' lang='lat' dir='ltr'><strong>Ubi</strong></span> <span class='ocrx_word' id='word_1_356' title='bbox 1001 3283 1096 3317; x_wconf 86' lang='lat' dir='ltr'><strong>vocem</strong></span> <span class='ocrx_word' id='word_1_357' title='bbox 1113 3219 1221 3333; x_wconf 59' lang='lat' dir='ltr'><strong>patela-</strong></span> <span class='ocrx_word' id='word_1_358' title='bbox 1262 3323 1267 3333; x_wconf 34' lang='lat'>⁸</span> 
     </span>
     <span class='ocr_line' id='line_1_37' title="bbox 88 3323 1224 3400; baseline 0.001 -18"><span class='ocrx_word' id='word_1_359' title='bbox 88 3334 113 3383; x_wconf 89' lang='lat' dir='ltr'><strong>iu</strong></span> <span class='ocrx_word' id='word_1_360' title='bbox 127 3323 207 3393; x_wconf 70' lang='grc' dir='ltr'><strong><em>οὔτε,</em></strong></span> <span class='ocrx_word' id='word_1_361' title='bbox 225 3340 255 3384; x_wconf 88' lang='lat' dir='ltr'><strong>ut</strong></span> <span class='ocrx_word' id='word_1_362' title='bbox 268 3335 411 3399; x_wconf 85' lang='lat' dir='ltr'><strong>proposuit</strong></span> <span class='ocrx_word' id='word_1_363' title='bbox 421 3335 520 3385; x_wconf 89' lang='lat' dir='ltr'><strong>Baiter</strong></span> <span class='ocrx_word' id='word_1_364' title='bbox 531 3335 567 3385; x_wconf 89' lang='lat' dir='ltr'><strong>ad</strong></span> <span class='ocrx_word' id='word_1_365' title='bbox 575 3337 629 3399; x_wconf 85' lang='lat' dir='ltr'><strong>Ly·</strong></span> <span class='ocrx_word' id='word_1_366' title='bbox 680 3329 795 3399; x_wconf 77' lang='grc' dir='ltr'><strong><em>τέρσυς,</em></strong></span> <span class='ocrx_word' id='word_1_367' title='bbox 818 3349 888 3398; x_wconf 87' lang='lat' dir='ltr'><strong>quae</strong></span> <span class='ocrx_word' id='word_1_368' title='bbox 906 3334 989 3398; x_wconf 87' lang='lat' dir='ltr'><strong>vulgo</strong></span> <span class='ocrx_word' id='word_1_369' title='bbox 1007 3336 1146 3400; x_wconf 83' lang='lat' dir='ltr'><strong>signifieat</strong></span> <span class='ocrx_word' id='word_1_370' title='bbox 1162 3352 1224 3384; x_wconf 80' lang='lat' dir='ltr'><strong>non·</strong></span> 
     </span>
     <span class='ocr_line' id='line_1_38' title="bbox 89 3400 1226 3468; baseline 0.002 -19"><span class='ocrx_word' id='word_1_371' title='bbox 89 3416 159 3468; x_wconf 84' lang='lat' dir='ltr'><strong>eurg.</strong></span> <span class='ocrx_word' id='word_1_372' title='bbox 173 3418 236 3467; x_wconf 81' lang='lat' dir='ltr'><strong>pag.</strong></span> <span class='ocrx_word' id='word_1_373' title='bbox 248 3401 291 3453; x_wconf 81' lang='lat'><strong>93.</strong></span> <span class='ocrx_word' id='word_1_374' title='bbox 328 3402 387 3452; x_wconf 87' lang='lat' dir='ltr'><strong>Vid.</strong></span> <span class='ocrx_word' id='word_1_375' title='bbox 406 3402 630 3463; x_wconf 78' lang='lat' dir='ltr'><strong>modovl11,us</strong></span> <span class='ocrx_word' id='word_1_376' title='bbox 680 3406 761 3452; x_wconf 79' lang='lat' dir='ltr'><strong>nultos</strong></span> <span class='ocrx_word' id='word_1_377' title='bbox 784 3402 820 3465; x_wconf 77' lang='grc' dir='ltr'><strong>(Ι,</strong></span> <span class='ocrx_word' id='word_1_378' title='bbox 846 3400 888 3451; x_wconf 81' lang='grc'><strong>95.</strong></span> <span class='ocrx_word' id='word_1_379' title='bbox 913 3401 956 3451; x_wconf 74' lang='lat' dir='ltr'><strong>uu.</strong></span> <span class='ocrx_word' id='word_1_380' title='bbox 982 3403 1022 3457; x_wconf 83' lang='lat'><strong>11,</strong></span> <span class='ocrx_word' id='word_1_381' title='bbox 1043 3400 1085 3449; x_wconf 75' lang='grc'><strong>36.</strong></span> <span class='ocrx_word' id='word_1_382' title='bbox 1106 3400 1139 3451; x_wconf 81' lang='grc'><strong>83</strong></span> <span class='ocrx_word' id='word_1_383' title='bbox 1162 3402 1226 3464; x_wconf 86' lang='lat' dir='ltr'><strong>ete.)</strong></span> 
     </span>
     <span class='ocr_line' id='line_1_39' title="bbox 89 3465 1227 3537; baseline 0.001 -20"><span class='ocrx_word' id='word_1_384' title='bbox 89 3467 178 3534; x_wconf 85' lang='lat' dir='ltr'><strong>ibique</strong></span> <span class='ocrx_word' id='word_1_385' title='bbox 191 3470 288 3520; x_wconf 83' lang='lat' dir='ltr'><strong>allata.</strong></span> <span class='ocrx_word' id='word_1_386' title='bbox 311 3465 365 3521; x_wconf 75' lang='grc' dir='ltr'><strong><em>σόν</em></strong></span> <span class='ocrx_word' id='word_1_387' title='bbox 378 3465 434 3537; x_wconf 83' lang='grc' dir='ltr'><strong><em>νόῳ</em></strong></span> <span class='ocrx_word' id='word_1_388' title='bbox 447 3476 503 3520; x_wconf 87' lang='lat' dir='ltr'><strong>est:</strong></span> <span class='ocrx_word' id='word_1_389' title='bbox 522 3487 575 3521; x_wconf 85' lang='grc' dir='ltr'><strong><em>σανι</em></strong></span> <span class='ocrx_word' id='word_1_390' title='bbox 586 3486 630 3521; x_wconf 86' lang='grc' dir='ltr'><strong><em>να·</em></strong></span> <span class='ocrx_word' id='word_1_391' title='bbox 680 3470 791 3535; x_wconf 89' lang='lat' dir='ltr'><strong>proprio</strong></span> <span class='ocrx_word' id='word_1_392' title='bbox 808 3484 889 3518; x_wconf 86' lang='lat' dir='ltr'><strong>seusu</strong></span> <span class='ocrx_word' id='word_1_393' title='bbox 912 3483 961 3518; x_wconf 90' lang='lat' dir='ltr'><strong>suo</strong></span> <span class='ocrx_word' id='word_1_394' title='bbox 978 3468 1104 3518; x_wconf 87' lang='lat' dir='ltr'><strong>adhiberi</strong></span> <span class='ocrx_word' id='word_1_395' title='bbox 1122 3471 1227 3519; x_wconf 84' lang='lat' dir='ltr'><strong>monuit</strong></span> 
     </span>
     <span class='ocr_line' id='line_1_40' title="bbox 90 3535 1227 3602; baseline 0.002 -18"><span class='ocrx_word' id='word_1_396' title='bbox 90 3538 169 3601; x_wconf 76' lang='grc' dir='ltr'><strong><em>ιίοιιε,</em></strong></span> <span class='ocrx_word' id='word_1_397' title='bbox 191 3545 261 3588; x_wconf 84' lang='lat' dir='ltr'><strong>recto</strong></span> <span class='ocrx_word' id='word_1_398' title='bbox 282 3541 402 3593; x_wconf 82' lang='lat' dir='ltr'><strong>consitio.</strong></span> <span class='ocrx_word' id='word_1_399' title='bbox 423 3539 577 3602; x_wconf 82' lang='lat' dir='ltr'><strong>prudenter,</strong></span> <span class='ocrx_word' id='word_1_400' title='bbox 599 3542 631 3587; x_wconf 90' lang='lat' dir='ltr'><strong>ut</strong></span> <span class='ocrx_word' id='word_1_401' title='bbox 681 3538 766 3587; x_wconf 82' lang='lat' dir='ltr'><strong>Faesi</strong></span> <span class='ocrx_word' id='word_1_402' title='bbox 789 3535 974 3601; x_wconf 83' lang='lat' dir='ltr'><strong>(Berichtigg.</strong></span> <span class='ocrx_word' id='word_1_403' title='bbox 999 3551 1024 3585; x_wconf 89' lang='lat' dir='ltr'><strong>u.</strong></span> <span class='ocrx_word' id='word_1_404' title='bbox 1052 3537 1168 3587; x_wconf 82' lang='lat' dir='ltr'><strong>Zusiitze</strong></span> <span class='ocrx_word' id='word_1_405' title='bbox 1193 3552 1227 3586; x_wconf 80' lang='lat' dir='ltr'><strong>zu</strong></span> 
     </span>
     <span class='ocr_line' id='line_1_41' title="bbox 91 3597 1225 3672; baseline 0.001 -20"><span class='ocrx_word' id='word_1_406' title='bbox 91 3603 168 3666; x_wconf 87' lang='lat' dir='ltr'>VIII,</span> <span class='ocrx_word' id='word_1_407' title='bbox 184 3604 237 3656; x_wconf 80' lang='lat'><strong>138.</strong></span> <span class='ocrx_word' id='word_1_408' title='bbox 261 3607 305 3656; x_wconf 88' lang='lat' dir='ltr'><strong>De</strong></span> <span class='ocrx_word' id='word_1_409' title='bbox 318 3605 456 3657; x_wconf 84' lang='lat' dir='ltr'><strong>locutione</strong></span> <span class='ocrx_word' id='word_1_410' title='bbox 469 3597 523 3656; x_wconf 80' lang='grc' dir='ltr'><strong><em>σόν</em></strong></span> <span class='ocrx_word' id='word_1_411' title='bbox 535 3601 630 3672; x_wconf 82' lang='grc' dir='ltr'><strong><em>κόσμῳ</em></strong></span> <span class='ocrx_word' id='word_1_412' title='bbox 681 3606 818 3654; x_wconf 83' lang='lat' dir='ltr'><strong>Passcw’s</strong></span> <span class='ocrx_word' id='word_1_413' title='bbox 827 3602 1011 3653; x_wconf 84' lang='lat' dir='ltr'><strong>Wtirterbuoh</strong></span> <span class='ocrx_word' id='word_1_414' title='bbox 1022 3603 1056 3652; x_wconf 94' lang='lat' dir='ltr'><strong>II.</strong></span> <span class='ocrx_word' id='word_1_415' title='bbox 1068 3621 1093 3669; x_wconf 86' lang='lat' dir='ltr'><strong>p.</strong></span> <span class='ocrx_word' id='word_1_416' title='bbox 1106 3604 1136 3654; x_wconf 74' lang='lat' dir='ltr'><strong>tt</strong></span> <span class='ocrx_word' id='word_1_417' title='bbox 1146 3605 1225 3668; x_wconf 81' lang='lat' dir='ltr'><strong>seq),</strong></span> 
     </span>
     <span class='ocr_line' id='line_1_42' title="bbox 91 3671 1226 3735; baseline 0 -14"><span class='ocrx_word' id='word_1_418' title='bbox 91 3672 142 3722; x_wconf 77' lang='lat' dir='ltr'><strong>vid.</strong></span> <span class='ocrx_word' id='word_1_419' title='bbox 156 3673 241 3724; x_wconf 81' lang='lat' dir='ltr'><strong>allata</strong></span> <span class='ocrx_word' id='word_1_420' title='bbox 254 3673 290 3724; x_wconf 82' lang='lat' dir='ltr'><strong>ad</strong></span> <span class='ocrx_word' id='word_1_421' title='bbox 301 3674 383 3735; x_wconf 85' lang='lat' dir='ltr'>VIII,</span> <span class='ocrx_word' id='word_1_422' title='bbox 395 3671 439 3723; x_wconf 81' lang='lat'><strong>67.</strong></span> <span class='ocrx_word' id='word_1_423' title='bbox 680 3672 811 3723; x_wconf 89' lang='lat' dir='ltr'><strong>reddens:</strong></span> <span class='ocrx_word' id='word_1_424' title='bbox 831 3688 897 3732; x_wconf 81' lang='lat' dir='ltr'><strong>„von</strong></span> <span class='ocrx_word' id='word_1_425' title='bbox 915 3673 965 3721; x_wconf 80' lang='lat' dir='ltr'><strong>den</strong></span> <span class='ocrx_word' id='word_1_426' title='bbox 977 3673 1050 3721; x_wconf 82' lang='lat' dir='ltr'><strong>einen</strong></span> <span class='ocrx_word' id='word_1_427' title='bbox 1064 3674 1117 3721; x_wconf 77' lang='lat' dir='ltr'><strong>aad</strong></span> <span class='ocrx_word' id='word_1_428' title='bbox 1127 3674 1226 3721; x_wconf 72' lang='grc' dir='ltr'><strong><em>στάντα</em></strong></span> 
     </span>
     <span class='ocr_line' id='line_1_43' title="bbox 101 3727 1224 3813; baseline -0.002 -23"><span class='ocrx_word' id='word_1_429' title='bbox 101 3739 213 3813; x_wconf 57' lang='grc' dir='ltr'><strong><em>,καίτοι</em></strong></span> <span class='ocrx_word' id='word_1_430' title='bbox 232 3727 308 3807; x_wconf 79' lang='grc' dir='ltr'><strong><em>ἦσάν</em></strong></span> <span class='ocrx_word' id='word_1_431' title='bbox 330 3756 362 3806; x_wconf 76' lang='grc' dir='ltr'><strong><em>γε</em></strong></span> <span class='ocrx_word' id='word_1_432' title='bbox 382 3738 432 3791; x_wconf 79' lang='grc' dir='ltr'><strong><em>ναὶ</em></strong></span> <span class='ocrx_word' id='word_1_433' title='bbox 454 3731 585 3806; x_wconf 77' lang='grc' dir='ltr'><strong><em>ἐγένοντο</em></strong></span> <span class='ocrx_word' id='word_1_434' title='bbox 597 3765 629 3774; x_wconf 94' lang='grc'><strong>-</strong></span> <span class='ocrx_word' id='word_1_435' title='bbox 681 3756 728 3790; x_wconf 83' lang='lat' dir='ltr'><strong>von</strong></span> <span class='ocrx_word' id='word_1_436' title='bbox 741 3739 842 3790; x_wconf 82' lang='grc' dir='ltr'><strong><em>ἱΙιιιειι.“</em></strong></span> <span class='ocrx_word' id='word_1_437' title='bbox 856 3765 888 3773; x_wconf 92' lang='grc'><strong>-</strong></span> <span class='ocrx_word' id='word_1_438' title='bbox 901 3739 954 3789; x_wconf 90' lang='lat' dir='ltr'><strong>Pro</strong></span> <span class='ocrx_word' id='word_1_439' title='bbox 967 3739 1041 3803; x_wconf 72' lang='lat' dir='ltr'><strong>vulg.</strong></span> <span class='ocrx_word' id='word_1_440' title='bbox 1055 3733 1135 3789; x_wconf 79' lang='grc' dir='ltr'><strong><em>εἷται</em></strong></span> <span class='ocrx_word' id='word_1_441' title='bbox 1149 3755 1224 3789; x_wconf 83' lang='lat' dir='ltr'><strong>revo-</strong></span> 
     </span>
     <span class='ocr_line' id='line_1_44' title="bbox 91 3798 1227 3873; baseline -0.002 -15"><span class='ocrx_word' id='word_1_442' title='bbox 91 3798 463 3873; x_wconf 71' lang='grc' dir='ltr'><strong><em>τμείνονεςαότοιὲωντῶν]</em></strong></span> <span class='ocrx_word' id='word_1_443' title='bbox 476 3808 630 3871; x_wconf 86' lang='lat' dir='ltr'><strong>„Oratione</strong></span> <span class='ocrx_word' id='word_1_444' title='bbox 682 3808 746 3858; x_wconf 86' lang='lat' dir='ltr'><strong>cavi</strong></span> <span class='ocrx_word' id='word_1_445' title='bbox 767 3823 782 3857; x_wconf 90' lang='lat' dir='ltr'><strong>e</strong></span> <span class='ocrx_word' id='word_1_446' title='bbox 798 3806 959 3857; x_wconf 87' lang='lat' dir='ltr'><strong>Florentino</strong></span> <span class='ocrx_word' id='word_1_447' title='bbox 983 3806 1101 3871; x_wconf 83' lang='lat' dir='ltr'><strong>aliisque</strong></span> <span class='ocrx_word' id='word_1_448' title='bbox 1119 3800 1227 3857; x_wconf 75' lang='grc' dir='ltr'><strong><em>εἰπεῖνι</em></strong></span> 
     </span>
     <span class='ocr_line' id='line_1_45' title="bbox 92 3873 1227 3941; baseline 0 -18"><span class='ocrx_word' id='word_1_449' title='bbox 92 3890 162 3924; x_wconf 84' lang='lat' dir='ltr'><strong>merc</strong></span> <span class='ocrx_word' id='word_1_450' title='bbox 171 3891 217 3926; x_wconf 88' lang='lat' dir='ltr'><strong>sno</strong></span> <span class='ocrx_word' id='word_1_451' title='bbox 227 3877 339 3926; x_wconf 81' lang='lat' dir='ltr'><strong>turbata</strong></span> <span class='ocrx_word' id='word_1_452' title='bbox 348 3877 401 3926; x_wconf 87' lang='lat' dir='ltr'><strong>duo</strong></span> <span class='ocrx_word' id='word_1_453' title='bbox 410 3876 491 3926; x_wconf 75' lang='lat' dir='ltr'><strong>dixit:</strong></span> <span class='ocrx_word' id='word_1_454' title='bbox 505 3877 629 3941; x_wconf 87' lang='lat' dir='ltr'><strong>primum,</strong></span> <span class='ocrx_word' id='word_1_455' title='bbox 682 3875 738 3925; x_wconf 85' lang='lat' dir='ltr'><strong>vid.</strong></span> <span class='ocrx_word' id='word_1_456' title='bbox 757 3875 845 3924; x_wconf 83' lang='lat' dir='ltr'><strong>allata</strong></span> <span class='ocrx_word' id='word_1_457' title='bbox 862 3875 897 3924; x_wconf 84' lang='lat' dir='ltr'><strong>ad</strong></span> <span class='ocrx_word' id='word_1_458' title='bbox 909 3875 989 3937; x_wconf 90' lang='lat' dir='ltr'>VIII,</span> <span class='ocrx_word' id='word_1_459' title='bbox 1002 3873 1044 3923; x_wconf 74' lang='lat'><strong>05.</strong></span> <span class='ocrx_word' id='word_1_460' title='bbox 1079 3874 1156 3924; x_wconf 88' lang='lat' dir='ltr'><strong>Idem</strong></span> <span class='ocrx_word' id='word_1_461' title='bbox 1170 3874 1227 3923; x_wconf 80' lang='lat' dir='ltr'><strong>ieci</strong></span> 
     </span>
     <span class='ocr_line' id='line_1_46' title="bbox 93 3931 872 4008; baseline 0.003 -18"><span class='ocrx_word' id='word_1_462' title='bbox 93 3942 159 3991; x_wconf 85' lang='lat' dir='ltr'><strong>istoc</strong></span> <span class='ocrx_word' id='word_1_463' title='bbox 181 3944 223 3995; x_wconf 89' lang='lat' dir='ltr'><strong>die</strong></span> <span class='ocrx_word' id='word_1_464' title='bbox 239 3935 398 4008; x_wconf 71' lang='grc' dir='ltr'><strong><em>α’μείνονας</em></strong></span> <span class='ocrx_word' id='word_1_465' title='bbox 418 3944 504 3994; x_wconf 81' lang='lat' dir='ltr'><strong>fuisse</strong></span> <span class='ocrx_word' id='word_1_466' title='bbox 525 3931 632 4008; x_wconf 78' lang='grc' dir='ltr'><strong><em>ἢτερός</em></strong></span> <span class='ocrx_word' id='word_1_467' title='bbox 683 3959 744 4007; x_wconf 89' lang='lat' dir='ltr'><strong>cap.</strong></span> <span class='ocrx_word' id='word_1_468' title='bbox 757 3941 799 3991; x_wconf 81' lang='lat'><strong>88.</strong></span> <span class='ocrx_word' id='word_1_469' title='bbox 816 3941 872 3992; x_wconf 80' lang='lat'><strong>112.</strong></span> 
     </span>
     <span class='ocr_line' id='line_1_47' title="bbox 94 3999 1228 4077; baseline -0.001 -17"><span class='ocrx_word' id='word_1_470' title='bbox 94 3999 209 4077; x_wconf 72' lang='grc' dir='ltr'><strong><em>Εόβσίηε</em></strong></span> <span class='ocrx_word' id='word_1_471' title='bbox 233 4013 283 4062; x_wconf 83' lang='lat' dir='ltr'><strong>sed</strong></span> <span class='ocrx_word' id='word_1_472' title='bbox 303 4027 357 4062; x_wconf 88' lang='lat' dir='ltr'><strong>non</strong></span> <span class='ocrx_word' id='word_1_473' title='bbox 376 4017 482 4062; x_wconf 86' lang='lat' dir='ltr'><strong>tautum</strong></span> <span class='ocrx_word' id='word_1_474' title='bbox 500 4012 569 4062; x_wconf 86' lang='lat' dir='ltr'><strong>istoc</strong></span> <span class='ocrx_word' id='word_1_475' title='bbox 587 4011 632 4061; x_wconf 89' lang='lat' dir='ltr'><strong>die</strong></span> <span class='ocrx_word' id='word_1_476' title='bbox 716 4003 790 4060; x_wconf 75' lang='grc' dir='ltr'><strong><em>κατα</em></strong></span> <span class='ocrx_word' id='word_1_477' title='bbox 816 4003 848 4059; x_wconf 71' lang='lat' dir='ltr'><strong>dl</strong></span> <span class='ocrx_word' id='word_1_478' title='bbox 875 4003 1046 4075; x_wconf 82' lang='grc' dir='ltr'><strong><em>Ἀρτεμισίην</em></strong></span> <span class='ocrx_word' id='word_1_479' title='bbox 1074 4001 1144 4058; x_wconf 81' lang='grc' dir='ltr'><strong><em>τόδε</em></strong></span> <span class='ocrx_word' id='word_1_480' title='bbox 1169 3999 1228 4073; x_wconf 77' lang='grc' dir='ltr'><strong><em>ένέ·</em></strong></span> 
     </span>
     <span class='ocr_line' id='line_1_48' title="bbox 94 4075 1227 4145; baseline 0.001 -21"><span class='ocrx_word' id='word_1_481' title='bbox 94 4091 148 4126; x_wconf 83' lang='lat' dir='ltr'><strong>rera</strong></span> <span class='ocrx_word' id='word_1_482' title='bbox 163 4080 244 4130; x_wconf 84' lang='lat' dir='ltr'><strong>multe</strong></span> <span class='ocrx_word' id='word_1_483' title='bbox 266 4079 366 4129; x_wconf 85' lang='lat' dir='ltr'><strong>melius</strong></span> <span class='ocrx_word' id='word_1_484' title='bbox 388 4079 524 4145; x_wconf 74' lang='lat' dir='ltr'><strong>gessisse,</strong></span> <span class='ocrx_word' id='word_1_485' title='bbox 550 4094 632 4144; x_wconf 84' lang='lat' dir='ltr'><strong>quam</strong></span> <span class='ocrx_word' id='word_1_486' title='bbox 683 4075 757 4143; x_wconf 87' lang='grc' dir='ltr'><strong><em>νετο]</em></strong></span> <span class='ocrx_word' id='word_1_487' title='bbox 785 4076 948 4139; x_wconf 82' lang='lat' dir='ltr'><strong>„Callidum</strong></span> <span class='ocrx_word' id='word_1_488' title='bbox 969 4077 1135 4126; x_wconf 83' lang='lat' dir='ltr'><strong>Artemisiae</strong></span> <span class='ocrx_word' id='word_1_489' title='bbox 1157 4092 1227 4125; x_wconf 87' lang='lat' dir='ltr'><strong>eom·</strong></span> 
     </span>
     <span class='ocr_line' id='line_1_49' title="bbox 94 4143 1227 4212; baseline -0.002 -19"><span class='ocrx_word' id='word_1_490' title='bbox 94 4143 128 4193; x_wconf 79' lang='lat' dir='ltr'><strong>sd</strong></span> <span class='ocrx_word' id='word_1_491' title='bbox 149 4146 335 4210; x_wconf 78' lang='lat' dir='ltr'><strong>Artemisium,</strong></span> <span class='ocrx_word' id='word_1_492' title='bbox 364 4162 459 4196; x_wconf 84' lang='lat' dir='ltr'><strong>verum</strong></span> <span class='ocrx_word' id='word_1_493' title='bbox 486 4154 632 4212; x_wconf 84' lang='lat' dir='ltr'><strong>praeterea</strong></span> <span class='ocrx_word' id='word_1_494' title='bbox 683 4152 817 4206; x_wconf 86' lang='lat' dir='ltr'><strong>mentum,</strong></span> <span class='ocrx_word' id='word_1_495' title='bbox 841 4145 1003 4211; x_wconf 82' lang='lat' dir='ltr'><strong>indignante</strong></span> <span class='ocrx_word' id='word_1_496' title='bbox 1021 4143 1169 4194; x_wconf 80' lang='lat' dir='ltr'><strong>Plutarcho</strong></span> <span class='ocrx_word' id='word_1_497' title='bbox 1187 4145 1227 4192; x_wconf 89' lang='lat' dir='ltr'><strong>ni-</strong></span> 
     </span>
     <span class='ocr_line' id='line_1_50' title="bbox 96 4201 1229 4333; baseline -0.003 -72"><span class='ocrx_word' id='word_1_498' title='bbox 96 4201 219 4289; x_wconf 54' lang='grc' dir='ltr'><strong><em>ἐγένοντο</em></strong></span> <span class='ocrx_word' id='word_1_499' title='bbox 230 4207 402 4333; x_wconf 57' lang='grc' dir='ltr'><strong><em>ταόρηντην</em></strong></span> <span class='ocrx_word' id='word_1_500' title='bbox 411 4206 521 4281; x_wconf 82' lang='grc' dir='ltr'><strong><em>ἡμέρην</em></strong></span> <span class='ocrx_word' id='word_1_501' title='bbox 533 4212 633 4278; x_wconf 74' lang='grc' dir='ltr'><strong><em>μακρῷ</em></strong></span> <span class='ocrx_word' id='word_1_502' title='bbox 683 4215 735 4263; x_wconf 87' lang='lat' dir='ltr'><strong>mis</strong></span> <span class='ocrx_word' id='word_1_503' title='bbox 759 4214 875 4264; x_wconf 85' lang='lat' dir='ltr'><strong>verbose</strong></span> <span class='ocrx_word' id='word_1_504' title='bbox 904 4218 1056 4273; x_wconf 83' lang='lat' dir='ltr'><strong>narratum,</strong></span> <span class='ocrx_word' id='word_1_505' title='bbox 1087 4212 1229 4260; x_wconf 74' lang='lat' dir='ltr'><strong>adnotavit</strong></span> 
     </span>
     <span class='ocr_line' id='line_1_51' title="bbox 95 4278 1229 4344; baseline -0.003 -15"><span class='ocrx_word' id='word_1_506' title='bbox 95 4278 238 4342; x_wconf 72' lang='grc' dir='ltr'><strong><em>αμεέτστες</em></strong></span> <span class='ocrx_word' id='word_1_507' title='bbox 259 4278 343 4333; x_wconf 69' lang='grc' dir='ltr'><strong><em>αυτοὶ</em></strong></span> <span class='ocrx_word' id='word_1_508' title='bbox 385 4278 494 4343; x_wconf 76' lang='grc' dir='ltr'><strong><em>ωυτόν,</em></strong></span> <span class='ocrx_word' id='word_1_509' title='bbox 530 4282 556 4331; x_wconf 90' lang='lat' dir='ltr'><strong>id</strong></span> <span class='ocrx_word' id='word_1_510' title='bbox 580 4288 630 4343; x_wconf 88' lang='lat' dir='ltr'><strong>est,</strong></span> <span class='ocrx_word' id='word_1_511' title='bbox 685 4283 769 4330; x_wconf 86' lang='lat' dir='ltr'><strong>etiam</strong></span> <span class='ocrx_word' id='word_1_512' title='bbox 782 4278 1135 4344; x_wconf 78' lang='lat' dir='ltr'><strong>PolyaenusVIII‚b3‚l.“</strong></span> <span class='ocrx_word' id='word_1_513' title='bbox 1159 4279 1229 4326; x_wconf 82' lang='lat' dir='ltr'><strong>Vat-</strong></span> 
     </span>
     <span class='ocr_line' id='line_1_52' title="bbox 97 4339 1229 4415; baseline -0.003 -19"><span class='ocrx_word' id='word_1_514' title='bbox 97 4346 237 4413; x_wconf 85' lang='lat' dir='ltr'><strong>iuterprete</strong></span> <span class='ocrx_word' id='word_1_515' title='bbox 260 4351 374 4413; x_wconf 81' lang='lat' dir='ltr'><strong>Nostro,</strong></span> <span class='ocrx_word' id='word_1_516' title='bbox 402 4339 555 4414; x_wconf 77' lang='grc' dir='ltr'><strong><em>οἷμείνονες</em></strong></span> <span class='ocrx_word' id='word_1_517' title='bbox 581 4348 632 4415; x_wconf 78' lang='grc' dir='ltr'><strong>τῆς</strong></span> <span class='ocrx_word' id='word_1_518' title='bbox 683 4348 769 4399; x_wconf 74' lang='lat' dir='ltr'><strong>chen.</strong></span> <span class='ocrx_word' id='word_1_519' title='bbox 805 4347 969 4398; x_wconf 81' lang='lat' dir='ltr'><strong>Plutarchus</strong></span> <span class='ocrx_word' id='word_1_520' title='bbox 987 4349 1060 4397; x_wconf 80' lang='lat' dir='ltr'><strong>enirn</strong></span> <span class='ocrx_word' id='word_1_521' title='bbox 1078 4345 1120 4396; x_wconf 85' lang='lat' dir='ltr'><strong>vel</strong></span> <span class='ocrx_word' id='word_1_522' title='bbox 1139 4346 1229 4409; x_wconf 87' lang='lat' dir='ltr'><strong>potius</strong></span> 
     </span>
    </p>
   </div>
   <div class='ocr_carea' id='block_1_4' title="bbox 148 4436 1027 4497">
    <p class='ocr_par' dir='ltr' id='par_1_6' title="bbox 148 4436 1027 4497">
     <span class='ocr_line' id='line_1_53' title="bbox 148 4436 1027 4497; baseline 0.005 -4"><span class='ocrx_word' id='word_1_523' title='bbox 148 4453 300 4496; x_wconf 77' lang='lat' dir='ltr'><strong>uauooor.</strong></span> <span class='ocrx_word' id='word_1_524' title='bbox 318 4454 361 4497; x_wconf 79' lang='grc' dir='ltr'><strong><em>ιν.</em></strong></span> <span class='ocrx_word' id='word_1_525' title='bbox 1008 4436 1027 4497; x_wconf 84' lang='grc'>9</span> 
     </span>
    </p>
   </div>
   <div class='ocr_carea' id='block_1_5' title="bbox 0 0 1493 5156">
    <p class='ocr_par' dir='ltr' id='par_1_7' title="bbox 0 0 1493 5156">
     <span class='ocr_line' id='line_1_54' title="bbox 0 0 1493 5156; baseline 0 0"><span class='ocrx_word' id='word_1_526' title='bbox 0 0 1493 5156; x_wconf 95' lang='lat' dir='ltr'><strong> </strong></span> 
     </span>
    </p>
   </div>
  </div>
 </body>
</html>
