2984 5154
222 382 261 449 18
657 376 925 439 usuouorr

219 558 288 625 τῶν
306 551 497 643 βαρβάρων,
517 554 572 621 καὶ
583 549 641 623 τόν
653 550 857 642 Γόργουτού
868 559 1086 642 Σαλαμινίων
1104 548 1365 640 βασιλέοςοίὸελ-

220 654 304 745 psov
323 653 489 743 Φιλάονα,
508 651 566 724 τὸν
583 656 741 743 Χέρσιος,
761 652 898 743 λόγιμον
918 652 1014 724 ἐόντα
1034 658 1069 724 ἐν
1086 658 1364 747 τῷστρατοπέδῳ

218 751 336 848 ἄνδρα.
383 759 512 845 πρῶτος
544 757 581 825 dl
612 751 779 844 Ἑλλήνων
806 758 868 826 νέα
894 759 961 825 των
991 765 1159 845 πολεμίων
1189 752 1255 826 εἷλε
1278 753 1365 848 ἀνήρ

215 855 393 947 Ἀθηναῖος
411 856 611 949 Λυκομήδης
630 861 798 948 Αἰσχρέω,
823 861 878 927 καί
896 854 933 927 ro
951 853 1124 949 ἀριστήιον
1142 866 1241 947 ἔλαβε
1258 848 1363 940 οὗτος.

224 957 309 1042 Totis
329 956 360 1030 δ’
381 964 418 1030 έν
435 962 478 1050 τῇ
494 968 662 1050 ναυμαχίῃ
680 958 785 1051 ταύτῃ
806 961 1005 1049 ἑτεραλκέως
1023 956 1286 1050 ἀγωνιζομένους
1303 957 1364 1045 mli

219 1164 262 1209 ost
290 1176 304 1209 e
332 1161 465 1223 proximo,
494 1160 605 1209 contiuua
634 1160 764 1209 admodum
816 1158 959 1221 gitandum
973 1157 1021 1222 sit,
1041 1162 1072 1207 ut
1085 1158 1193 1224 placuit
1205 1158 1364 1210 Hamakoro

218 1229 296 1277 cincti
313 1233 340 1277 et
357 1230 469 1278 conclusi
484 1233 572 1284 erent,
595 1231 624 1275 ut
641 1229 668 1275 in
685 1226 763 1276 Euri-

217 1296 273 1361 pid.
281 1294 429 1346 Rhea-108.
447 1295 581 1359 Equidem
592 1287 664 1344 καταΙ
675 1287 764 1359 στόμα

219 1364 342 1428 accipio:
366 1380 402 1413 cre
413 1365 535 1421 adverso,
554 1379 571 1412 a
580 1364 669 1424 fronte
683 1362 723 1425 (ut
736 1364 765 1411 iu

216 1430 328 1492 Polybii
341 1430 410 1480 locis
423 1447 440 1479 a
450 1429 713 1495 Schweighaeusero
727 1429 764 1479 al-

217 1496 283 1547 latis
301 1499 344 1560 II,
361 1497 404 1546 27.
422 1500 447 1559 ξ.
464 1496 489 1549 8.
509 1498 612 1559 XXXI,
632 1497 674 1547 ·26.
692 1500 715 1559 ξ,
734 1496 764 1547 10

218 1565 282 1616 coll.
294 1566 419 1631 Xenoph.
432 1566 520 1616 Anah.
536 1567 585 1627 ΙΙΙ,
599 1567 624 1614 4.
638 1567 660 1626 ξ.
675 1566 716 1615 42.
730 1567 761 1626 V,

216 1634 272 1694 2.§.
281 1632 324 1683 26.
331 1634 362 1693 V,
370 1634 472 1695 4522,
486 1634 533 1682 ubi
544 1634 577 1682 de
588 1634 662 1683 acici
674 1634 763 1683 fronto

215 1701 319 1750 locutio
333 1701 488 1762 adhibetur)
500 1701 580 1765 idque
591 1703 675 1766 iuugo
687 1706 763 1751 ante-

217 1768 380 1818 cedentibus
394 1762 479 1832 έργου
492 1765 612 1834 εἴχοντο,
625 1770 666 1819 ita
679 1776 709 1819 ut
719 1785 764 1819 vo-

216 1835 281 1885 cula
293 1833 344 1886 καὶ
358 1837 516 1901 explicandi
529 1836 609 1886 simul
624 1839 764 1887 notionem

215 1905 371 1953 contIneat:
394 1911 419 1953 et
443 1906 550 1968 quidem,
586 1905 643 1965 „In
664 1906 763 1970 pugnis

215 1970 763 2035 navalibus,aitSolrrreiolraeaserua

214 2038 374 2102 plerumque
393 2055 412 2089 a
425 2037 514 2088 latere
531 2042 647 2103 primum
665 2057 763 2105 aggre-

215 2106 362 2155 diebantur
374 2120 460 2155 naves
471 2106 594 2168 hostiles,
609 2101 764 2157 διέκπλουν

216 2173 352 2222 facientes
371 2178 400 2222 at
416 2188 505 2223 remos
525 2181 657 2224 conantes
672 2175 761 2225 detor-

215 2257 296 2305 ματος
315 2246 370 2290 tum
384 2241 543 2305 frequenter
553 2244 664 2307 puppim
678 2243 762 2293 hosti·

213 2307 249 2357 lis
262 2308 341 2358 navis
354 2314 441 2358 rostro
452 2309 598 2374 petebant:
617 2326 690 2362 nunc
703 2311 731 2359 hi
745 2328 762 2361 a

214 2376 306 2427 iroute
320 2376 396 2425 iacto
409 2376 525 2441 impetu,
541 2379 638 2428 rostris
651 2395 762 2429 suarum

213 2444 326 2493 navium
339 2444 367 2492 in
379 2443 495 2494 hostiles
505 2446 582 2495 iuxta
591 2462 699 2511 proram
712 2448 760 2496 im-

212 2512 317 2575 pactis,
342 2511 406 2560 illas
429 2516 595 2577 ceperunt.“
631 2515 761 2565 Locutio-

212 2594 275 2627 ncm
299 2573 384 2644 ἔργον
407 2574 526 2645 ἔχεσθαι
548 2583 702 2632 invenimus
723 2584 758 2645 ΙΙ,

213 2645 269 2696 121.
288 2647 312 2707 5.
333 2646 344 2694 Ι
369 2646 473 2723 (ibique
496 2649 576 2711 nott.)
600 2650 663 2699 coll.
681 2652 759 2712 VIII,

214 2713 275 2775 1083
295 2714 408 2764 verbum
420 2712 673 2781 ατολαμφθέντες,
688 2719 760 2782 quod

212 2780 238 2832 h.
251 2782 269 2830 1.
282 2782 355 2831 idem
369 2783 427 2833 fere
445 2783 522 2833 valet
536 2789 620 2848 atque
633 2779 760 2851 aepisto-

211 2852 580 2967 t3t⁰titr⁶tt³10²tti³¹²
580 2854 612 2968 il
619 2889 625 2913 ’
649 2852 758 2986 1111

269 2953 275 2964 ·
362 2953 369 2976 r
420 2953 426 2965 ·
493 2956 498 2970 ·
559 2956 565 2980 ι
616 2955 622 2967 ·
750 2950 759 2958 ·

209 2983 326 3032 nitivum
340 2979 534 3048 σημήναντος,
553 2991 583 3033 ut
595 2987 669 3036 infra
682 2989 758 3051 VIII,

209 3049 243 3096 ⁴25
256 3050 316 3099 init.
336 3052 372 3099 ad
389 3052 541 3114 genitivum
556 3044 759 3122 ἐπαγγειλαμέ-

211 3132 278 3179 νου,
299 3117 417 3183 intellig.
440 3118 493 3168 τοῦ
514 3112 637 3185 κήρυκος
654 3138 676 3172 s.
693 3124 758 3174 σαλ-

210 3183 333 3250 rayneri
339 3203 347 3247 3
361 3201 449 3251 neque
461 3187 543 3237 alitor
553 3204 636 3261 supra
649 3191 683 3240 ad
695 3183 758 3271 ἐσή-

208 3268 281 3317 μηνε
293 3258 384 3303 mente
396 3254 548 3305 addendum
559 3272 574 3306 o
584 3258 757 3326 σαλπιγκτης

208 3336 230 3369 s.
244 3318 343 3387 κη’ρυξ,
359 3323 429 3387 quod
441 3323 531 3387 ipsum
544 3325 665 3375 nddItum
679 3329 756 3377 iuve-

208 3389 298 3438 nimus
310 3389 356 3450 vt,
372 3390 415 3454 78,
432 3391 481 3441 ubi
494 3392 530 3442 of.
541 3399 609 3443 nott.
645 3395 754 3446 Turio.

208 3457 347 3506 Kuehner.
367 3458 413 3508 Gr.
429 3458 474 3509 Gr.
488 3461 512 3520 5.
524 3460 586 3521 414,
601 3462 617 3509 2
635 3468 663 3512 ct
681 3464 752 3513 coni.

208 3523 310 3573 Sturuii
323 3525 419 3575 Loxic.
437 3527 612 3593 Xenophout.
625 3530 671 3579 IV.
688 3547 752 3597 pag.

210 3590 249 3640 lo.
268 3592 309 3641 27.
330 3618 360 3628 ·-
386 3594 450 3643 Mox
472 3590 602 3659 βασιλέος
624 3598 688 3647 dodi
705 3616 753 3663 pro

207 3658 281 3724 vulg.
302 3657 446 3726 βασιλῆος.
480 3663 522 3711 De
541 3663 753 3716 Salaminiorum

208 3726 319 3789 regibus
339 3729 397 3781 vid
419 3734 488 3781 nott
512 3732 546 3780 ed
565 3732 600 3795 V,
621 3732 682 3795 103,
706 3736 753 3784 ubi

207 3794 291 3843 etIam
305 3796 404 3859 θοτμαο
422 3803 450 3847 et
464 3800 564 3849 Chersis
583 3816 665 3866 roges
681 3819 752 3852 oom-

207 3868 405 3925 meruorautur3
424 3864 457 3914 de
476 3867 537 3930 ipsa
555 3869 620 3917 urbe
637 3868 753 3920 Salauri-

205 3929 254 3978 nia
266 3930 398 3984 ridnott.
405 3932 440 3982 ad
447 3930 479 3995 V,
489 3932 545 3983 1011.
563 3936 617 3985 Pro
625 3930 753 3988 Φιλάονα

204 3996 333 4047 Diodori.
354 3999 383 4049 in
396 3999 547 4051 Commeat.
566 4001 599 4051 de
618 4004 682 4054 dial.
697 4007 752 4056 He-

205 4063 262 4111 rod.
270 4080 334 4129 pag.
342 4066 419 4115 XVII
430 4070 585 4132 praeferret
595 4066 699 4122 Φιλέω
706 4090 750 4139 να,

816 1241 946 1306 (Miscell.
959 1242 1062 1292 Pboou.
1074 1259 1139 1308 pag.
1150 1241 1211 1307 203)
1225 1244 1260 1294 ad
1274 1228 1364 1318 'palpa

815 1310 991 1376 respicienti,
1006 1311 1075 1375 quod
1086 1312 1214 1376 ι’κοίμιιεια,
1227 1312 1365 1363 rru'robilem

815 1379 968 1444 significat,
983 1379 1132 1428 decernere
1146 1379 1239 1431 nolim.

853 1472 1027 1546 Λυκομήδης
1049 1474 1185 1545 Αίοχρέω]
1213 1482 1364 1533 Plutarcho

816 1554 929 1597 auctore
947 1549 975 1596 in
993 1549 1047 1597 Vit.
1064 1549 1243 1599 Themistocl.
1262 1551 1295 1601 15
1315 1552 1362 1600 fin.

815 1615 1363 1750 tollii,'‘arbitriis‘'‘it'ssttt

815 1754 891 1817 cepit
908 1767 1006 1801 navem
1020 1724 1133 1817 eiusque
1146 1753 1268 1818 insignia
1279 1755 1362 1821 Apol·

814 1819 866 1868 lini
879 1820 1028 1869 dedicavit.
1065 1820 1120 1869 Ubi
1137 1820 1210 1871 haud
1228 1823 1299 1872 malo
1318 1839 1361 1873 su-

815 1889 938 1952 spicatur
950 1888 1080 1949 Siateuis,
1095 1889 1230 1953 insignem
1243 1907 1361 1941 errorem

816 1956 985 2005 commisisse
995 1955 1180 2018 Plutarchum,
1190 1973 1278 2023 quum,
1291 1975 1361 2024 quac

816 2023 850 2072 ad
864 2024 1039 2073 Artemisium
1054 2025 1218 2087 acciderint,
1234 2027 1269 2076 ad
1282 2028 1361 2077 Sala·

814 2091 927 2140 mininm
950 2107 1069 2156 pugnam
1091 2094 1271 2143 transtulerit.
1312 2090 1361 2145 Λί-

814 2154 904 2223 σχρέω
916 2158 980 2208 dcdi
994 2165 1106 2209 secutus
1117 2162 1281 2212 Bredovium
1294 2179 1359 2228 pag.

813 2227 862 2275 217
873 2241 940 2291 seq,
951 2232 982 2277 ut
990 2230 1127 2292 supraVI,
1139 2228 1192 2291 101,
1204 2231 1252 2280 ubi
1262 2233 1362 2296 scripsi

812 2289 924 2355 Kovs'm,
950 2296 974 2344 si
992 2296 1113 2360 quidem,
1138 2302 1168 2346 ut
1187 2298 1286 2349 dudum
1305 2315 1359 2349 mo·

812 2364 872 2411 nuit
882 2362 1092 2426 Valckenarius,
1107 2366 1152 2415 hic
1162 2367 1303 2431 genitivus
1315 2369 1360 2417 de·

812 2431 920 2480 scandit
938 2434 1074 2481 anomine
1088 2427 1226 2500 Αίσχρέης
1238 2437 1298 2486 siro
1312 2430 1359 2485 Ai-

812 2493 926 2579 σγρέας,
941 2506 971 2548 ut
983 2494 1122 2563 Χαιρέας,
1136 2498 1266 2568 Δημέας,
1284 2504 1359 2553 Ταυ·

812 2581 891 2629 ρεας,
921 2583 991 2631 quae
1014 2568 1124 2617 nomine
1142 2571 1236 2621 Attica
1257 2572 1360 2622 similia

811 2633 884 2684 idem
908 2635 1003 2685 attulit
1022 2635 1157 2687 Valckeu.
1192 2640 1235 2689 Ex
1258 2639 1359 2689 Aldina

812 2702 942 2765 editione,
956 2704 1108 2754 accedente
1118 2705 1278 2757 Florentino
1288 2707 1358 2758 libro

810 2784 917 2834 unoque
930 2772 1066 2829 Parisino,
1079 2772 1359 2839 Schweighaeuserus

811 2837 927 2888 dederat
940 2833 1090 2905 Αίσχρέου,
1112 2843 1182 2905 quod
1196 2843 1267 2892 idcru
1280 2860 1358 2893 reeo-

810 2912 910 2970 perunt
922 2906 1061 2958 Gaist'ord.
1075 2914 1104 2958 et
1116 2909 1268 2960 Bcklrerus.
1298 2913 1357 2961 Me·

811 2974 905 3022 diceus
921 2972 994 3025 liber
1011 2991 1044 3024 ac
1061 2976 1186 3043 plerique
1211 2979 1261 3029 alii
1278 2980 1357 3032 codd.

809 3041 915 3091 habeut
928 3037 1098 3108 Αἰσχραίου,
1119 3061 1190 3111 quae
1207 3048 1357 3112 scriptura,

809 3109 882 3158 haud
905 3112 1035 3161 mutanda
1057 3112 1107 3162 illa
1128 3114 1237 3179 quidem
1260 3116 1290 3166 in
1308 3111 1357 3166 Αί·

809 3171 922 3242 σχρεέω,
935 3180 1105 3244 probabilior
1117 3181 1227 3232 vidctur
1238 3185 1357 3234 Dindor·

808 3246 856 3307 fio,
872 3246 917 3310 qui
930 3261 991 3297 eam
1003 3250 1125 3314 recepit,
1144 3266 1204 3300 cnm
1218 3252 1247 3300 in
1259 3252 1356 3303 Attice

807 3314 986 3379 inscriptione
1009 3316 1044 3365 ab
1061 3316 1211 3369 Welckero
1232 3320 1309 3371 edita
1326 3323 1355 3371 in

806 3381 902 3431 Museo
914 3382 1038 3432 Rhenum.
1058 3384 1119 3434 Vol.
1138 3387 1175 3436 II.
1192 3403 1219 3452 p.
1238 3387 1302 3451 318,
1323 3389 1355 3441 13

806 3449 959 3500 invenisset
977 3443 1024 3501 ἐπὶ
1040 3446 1196 3518 Αἰσχραίου
1214 3444 1355 3522 ἄρχοντος

806 3516 814 3569 1
818 3516 968 3568 Commeat.
978 3519 1011 3568 do
1022 3521 1133 3571 dialect.
1144 3523 1277 3574 Ilerodot.
1287 3542 1352 3592 pag.

806 3584 878 3647 XII).
908 3586 1077 3637 Diurlortium
1090 3592 1214 3655 sequitur
1227 3593 1352 3646 rrietsch.

805 3678 837 3686 -
849 3653 891 3701 Ad
908 3647 940 3703 τὸ
952 3644 1102 3722 οἷριστήϊον
1118 3658 1280 3724 (praemium
1298 3663 1353 3712 vir-

804 3719 871 3769 tutis
884 3722 912 3769 in
928 3738 1021 3789 pugna
1037 3730 1237 3789 praecaeteris
1253 3730 1353 3794 proba-

804 3786 861 3849 tae)
875 3790 948 3838 oouf.
964 3792 1047 3842 etiam
1060 3794 1133 3843 infra
1143 3796 1218 3855 VIII,
1232 3796 1288 3846 122.
1302 3799 1352 3849 123

805 3861 833 3904 et
844 3857 892 3919 IX,
906 3857 946 3907 81.
967 3858 1107 3910 Plutarch.
1122 3860 1179 3912 Vit.
1192 3864 1281 3915 Aloib.
1296 3866 1321 3916 7.

838 3930 1006 4005 ἑτεραλκέως
1026 3934 1262 4015 ἀγωνιζομένους]
1286 3952 1304 4002 i.
1324 3969 1349 4002 e.

804 4011 911 4073 ancipiti
920 4011 1008 4063 Μανία
1018 4023 1174 4080 pregnantes,
1189 4024 1218 4065 ut
1231 4019 1283 4080 IX,
1302 4019 1350 4071 103

804 4067 956 4144 ἕτεραλκής
972 4074 1062 4146 μα’χη,
1083 4085 1191 4148 quaudo
1207 4102 1289 4151 aequo
1301 4106 1349 4151 μκ-

204 4130 330 4195 idernque
344 4134 428 4183 otiam
442 4134 582 4200 placuisse
595 4139 675 4189 video
686 4142 751 4192 liro·
800 4152 895 4208 prator
911 4147 1007 4202 diario.
1041 4151 1191 4215 „Quando,
1213 4154 1253 4203 ait
1271 4157 1298 4203 V
1301 4162 1334 4206 α(
1340 4186 1349 4195 ·

203 4197 285 4248 dovio
297 4216 362 4265 pag.
379 4201 439 4261 1373
459 4205 584 4269 equidem
600 4207 629 4256 in
641 4211 750 4261 nomine
802 4213 989 4276 alcharias,
1002 4218 1086 4268 victIs
1098 4220 1184 4270 vittas
1194 4222 1304 4273 redibat
1319 4225 1347 4274 in

203 4268 314 4331 proprio
327 4269 411 4317 malui
429 4269 513 4321 libros
528 4273 646 4338 scriptos
658 4279 749 4341 sequi:

801 4284 978 4346 praecordia,
1003 4290 1072 4346 tum,
1099 4288 1191 4353 quise
1210 4292 1348 4355 putabunt

203 4332 237 4383 ‹lo
252 4334 381 4387 orientali
399 4339 516 4389 nominis
530 4341 616 4408 stirpe
629 4360 691 4393 num
704 4362 748 4395 co·
800 4350 933 4416 victores,
953 4350 1038 4417 νίκην
1049 4364 1206 4421 reportasse
1218 4359 1349 4412 dicuutur
