2866 5134
205 388 262 447 DE
284 388 388 447 VITA
410 389 468 448 ET
492 387 684 448 SCRIPTIS
707 386 943 448 HERODOTI.
1079 395 1140 456 423

34 560 101 613 altera
110 558 135 612 in
146 564 219 629 parte
229 558 357 612 Antonini
371 559 543 630 imperatoris
553 560 697 629 imaginem
709 560 801 613 additu
812 560 1002 630 inscriptione,
1013 563 1041 615 iu
1054 563 1140 618 altera

34 652 94 714 parte
106 643 240 712 imaginem
256 644 368 715 capitis,
395 645 471 717 quod
484 645 620 699 Herodoti
639 663 702 699 esse
725 650 753 699 et
774 646 938 716 comparatio
962 664 1022 701 cum
1040 648 1087 702 illo
1101 650 1138 702 la-

35 729 82 799 pide
93 737 117 783 st
128 730 199 799 ipsae
212 729 308 783 literae
323 729 445 785 adiectae
461 731 630 785 confirmant.
656 730 701 784 Ci.
718 730 817 783 Millin.
830 731 938 784 Annali.
950 732 1138 804 Encycloped.

37 818 83 866 uu
96 814 161 867 dont
172 832 198 883 p.
216 816 384 869 218-220.“
412 815 547 886 Equidem
565 816 645 887 plura
660 817 761 869 afferre
777 833 833 868 nou
847 815 941 870 habco.
973 818 1054 881 Quae
1069 820 1139 874 enim

36 898 257 967 upudGronoriaaa
281 905 392 953 mount
414 900 443 953 in
458 900 571 972 antiqq.
588 902 703 953 Graecc.
729 900 766 954 Π.
791 901 848 953 tab.
869 900 957 954 LXXI
979 902 1039 955 coll.
1062 905 1137 957 Mus.

38 982 124 1052 Capitol.
137 984 158 1036 l.
178 985 234 1037 tab.
249 982 351 1038 LXVII
373 991 402 1037 et
415 985 632 1040 Winckelmann.
648 985 722 1038 Hist
740 985 800 1038 Art.
814 986 863 1038 IV.
880 987 920 1038 lv
933 987 1021 1058 (Opp.
1038 989 1073 1041 Τ.
1089 990 1137 1057 Vl,

39 1070 54 1118 l.
66 1086 85 1135 p.
96 1069 125 1122 ib
137 1074 163 1121 at
176 1073 201 1123 2.
215 1088 242 1139 p.
258 1071 316 1136 44),
338 1086 418 1140 quem
439 1071 567 1141 sequitur
579 1069 695 1123 Gurlitt.
711 1069 891 1139 Archaeolog.
907 1071 1019 1127 Schrist.
1035 1092 1063 1143 p.
1076 1077 1137 1142 287,

37 1151 159 1206 iisacliora
172 1153 282 1207 edocuit
296 1153 456 1209 Vincentius
471 1173 487 1208 a
501 1156 642 1209 Creuzero
660 1154 760 1208 allatus
775 1154 793 1207 l.
809 1154 828 1208 l.
856 1156 913 1220 Qui
930 1156 1000 1210 idem
1016 1158 1137 1211 Crenac-

36 1244 159 1306 nrpostsa
172 1240 237 1293 baec
252 1238 361 1293 adiicit:
381 1241 455 1308 „Est
470 1241 549 1295 etiam
569 1246 693 1311 protome
710 1256 859 1294 marmorea
879 1242 906 1294 iu
930 1259 1023 1295 moseo
1045 1243 1136 1296 Comi-

35 1328 72 1373 tnu
84 1322 111 1375 dc
123 1322 223 1393 Erlach,
243 1342 323 1395 quam
334 1325 469 1379 Herodoti
483 1344 546 1380 esse
561 1327 665 1393 dicunt,
680 1344 731 1378 uec
742 1326 885 1379 Viscoutio
899 1345 989 1397 neque
1001 1327 1136 1397 cuiquam,

34 1406 179 1476 quodsciam,
202 1416 362 1464 memorata:
384 1410 464 1463 cuius
486 1416 612 1481 cctypam
633 1428 753 1480 egypso
765 1410 909 1479 imaginem
921 1413 1063 1465 Francisci
1081 1414 1136 1467 Co-

31 1489 84 1542 nius
98 1493 141 1547 τοῦ
158 1497 309 1564 μακαρίτου
331 1495 533 1548 munificentiae
552 1500 689 1565 acceptam
719 1497 894 1549 referimus.“
927 1496 1055 1550 Ridicula
1077 1500 1136 1552 sere

31 1573 95 1643 inagu
107 1580 266 1648 conspicitur
286 1580 314 1632 iu
332 1581 424 1633 fronte
442 1581 543 1650 operis,
560 1581 634 1653 qaod
649 1580 825 1634 inscribitur:
848 1580 997 1634 lllustrirte
1012 1581 1136 1651 Weltgc-

32 1659 131 1714 subicite.
159 1664 209 1717 ltin
226 1665 303 1717 Bucb
328 1664 397 1717 suir's
421 1665 492 1718 volt
518 1684 571 1718 von
588 1665 659 1718 Held
686 1665 742 1718 und
758 1666 872 1719 Coruin.
900 1666 1026 1737 Leipzig.
1054 1670 1136 1721 1844:

32 1744 142 1800 erbbetur
154 1750 221 1802 euim
228 1749 389 1805 Herodotus
403 1757 486 1821 caput
500 1750 602 1804 coroui
617 1751 734 1818 cinctus,
750 1750 798 1820 qui
815 1750 915 1804 sedens
930 1751 958 1803 iu
967 1752 1136 1807 Graecorum

35 1838 136 1885 marcata
150 1833 289 1888 historiam
305 1852 381 1887 suam
395 1835 539 1905 praelegit.

525 2009 551 2070 §-
573 2008 600 2058 7.

93 2151 176 2207 Velea
198 2156 247 2223 iis,
267 2173 339 2227 qaae
364 2162 429 2209 ante
454 2157 685 2226 disputatasuut,
711 2157 782 2209 beno
808 2158 975 2227 intelligitur
1000 2177 1054 2212 non
1078 2177 1133 2213 uno

38 2233 246 2305 codenquctcnore
257 2240 429 2293 Herodotum
446 2258 497 2293 sua
512 2240 666 2293 absolvisse
687 2240 788 2293 itinera
808 2261 858 2295 uec
880 2250 984 2296 certum
1005 2252 1133 2298 constare

37 2317 131 2389 ordinem,
145 2342 194 2395 quo
210 2326 257 2379 illa
272 2326 432 2395 perfecerit.
468 2326 500 2379 ld
516 2343 598 2379 uuum
620 2327 680 2379 iure
698 2327 815 2397 quodam
830 2328 910 2381 nobis
925 2346 1033 2381 sumere
1050 2348 1132 2398 posse

37 2401 136 2474 ridcnor,
162 2408 249 2479 illum,
281 2416 424 2481 antequam
453 2410 596 2481 Olympiae
627 2410 772 2464 recitasset
801 2412 979 2482 Thuriosque
1007 2414 1132 2482 abiisset,

40 2500 158 2555 peragnme
183 2503 210 2548 et
236 2494 331 2548 Asiam
361 2503 388 2549 et
410 2496 527 2549 Africam
554 2500 596 2563 et,
622 2495 696 2567 quod
719 2496 783 2547 mibi
806 2505 881 2549 certe
904 2504 948 2549 est
971 2498 1029 2551 veri
1051 2498 1134 2551 simil-

42 2567 117 2639 liuuui,
132 2576 264 2652 plumaque
290 2580 369 2633 etium
389 2581 477 2650 ipsius
495 2581 630 2634 Graeciae
648 2585 756 2650 partes3
779 2599 796 2632 a
810 2581 924 2634 Thuriis
940 2582 1003 2635 iude
1019 2585 1134 2636 eundem

45 2668 80 2717 ler
94 2655 167 2718 ltaliam
186 2665 360 2733 interiorem,
384 2665 504 2718 Siciliam
533 2673 562 2718 et
593 2665 709 2718 forsitan
736 2667 815 2718 ctiam
843 2666 941 2719 iterum
968 2686 1018 2737 per
1047 2668 1133 2738 ipsam

46 2735 142 2796 (intusa
162 2748 319 2803 instituisse
344 2750 459 2819 itinera,
485 2743 656 2804 indefessum
682 2756 711 2802 et
736 2751 763 2803 in
791 2769 842 2804 suo
865 2769 949 2820 opere
964 2753 1133 2821 perficiendo

45 2828 101 2876 tutan
111 2842 259 2903 occupatum.
295 2835 349 2888 Sed
364 2835 444 2904 plara
458 2843 487 2888 et
503 2836 673 2888 accuratiora
688 2835 722 2888 de
737 2836 780 2888 bis
796 2836 943 2888 itineribus
955 2837 1058 2891 afferre
1074 2839 1133 2891 vix-

44 2904 170 2969 dualiccbit.
202 2920 303 2990 Neque
318 2921 388 2973 euim
403 2920 427 2972 is
440 2928 483 2974 est
496 2920 665 2989 Herodotus,
682 2921 729 2990 qui
744 2921 778 2973 de
794 2940 824 2974 sc
839 2922 899 2991 ipse
919 2921 1035 2991 suisque
1052 2922 1132 2975 itine-

42 2989 94 3044 ribus
105 3014 144 3052 uos
156 3005 309 3057 accuratius
325 3011 353 3057 et
367 3004 494 3058 consulto
510 3005 639 3058 edoceat:
658 3006 734 3058 inrum
750 3024 803 3059 uon
821 3005 875 3058 uisi
895 3011 1008 3058 coactus
1025 3008 1084 3060 fere
1100 3009 1133 3060 de

40 3072 68 3125 lis
79 3077 180 3153 loquitur,
193 3090 237 3141 ubi
253 3088 360 3142 scilicet
375 3089 495 3143 testibus
512 3089 615 3160 aliquid
627 3090 807 3160 probandum,
823 3096 871 3143 aut
886 3091 969 3144 mirae
986 3099 1070 3162 atque
1091 3093 1134 3145 in·

39 3158 105 3216 s”litae
122 3169 155 3221 rei
172 3174 238 3227 fides
256 3175 383 3227 facienda
408 3181 468 3228 erat
492 3175 665 3243 legentibus,
693 3181 741 3227 aut
763 3175 963 3228 incredibilium
990 3194 1080 3230 rerum
1106 3179 1132 3229 in

41 3250 155 3307 namucno
172 3274 247 3312 sauna
262 3258 353 3329 ipsius
370 3264 465 3329 utpote
479 3260 538 3312 suis
552 3259 618 3311 baec
633 3260 720 3313 oculis
735 3260 908 3329 inspicientis
924 3261 1074 3314 auribusve
1090 3280 1133 3315 ac-

43 3325 128 3395 tllleatiu
141 3342 319 3396 testimonium
338 3352 398 3397 erat
418 3344 619 3414 adponendum.
648 3345 747 3416 ltaque
773 3363 822 3398 nec
843 3345 876 3397 de
898 3342 1064 3416 tempore*),
1085 3365 1134 3399 uec

41 3407 157 3491 deorum,
172 3444 223 3496 quo
238 3428 365 3497 singulas
379 3429 440 3481 illas
456 3430 610 3482 instituerit
626 3429 883 3500 peregrinationes,
903 3448 953 3481 uec
968 3430 1002 3483 dc
1018 3431 1133 3497 ratione,

40 3511 75 3561 'lli
90 3502 138 3558 illas
155 3510 263 3578 iecerit,
281 3531 340 3565 cum
356 3515 423 3566 certi
439 3514 506 3584 quid
521 3514 652 3566 constitui
668 3515 766 3583 possit,
783 3514 810 3567 id
831 3531 912 3566 uuum
931 3520 1027 3583 restat,
1046 3519 1076 3567 ut
1092 3535 1134 3569 re·

38 3579 106 3643 44441
125 3598 149 3643 et
168 3595 224 3649 loca
250 3598 418 3666 iudicemus,
444 3598 478 3651 ud
502 3615 573 3668 quae
596 3599 759 3668 pervenisse
775 3599 908 3650 Nostrum
923 3618 956 3650 ex
971 3599 1033 3669 ipso
1051 3618 1134 3669 opere

40 3674 150 3732 'lltrstita
164 3690 235 3733 certo
253 3683 345 3752 colligi
361 3684 460 3753 possit.
488 3685 552 3747 Qua
567 3682 594 3735 iu
611 3701 712 3736 recum
727 3689 792 3753 post
807 3682 876 3734 ulios
888 3684 965 3736 viros
981 3683 1132 3755 doctos**)

53 3780 186 3802 ‘M

82 3848 101 3915 ⁸)
116 3856 143 3907 lu
153 3861 306 3915 Artaxerxis
326 3870 456 3925 aetatem,
476 3867 521 3930 qui
534 3866 633 3917 Xerxis
646 3865 717 3915 tilius
729 3864 793 3915 buic
812 3865 866 3930 ipsi
884 3867 1028 3928 succeseit,
1046 3868 1133 3917 Hero

41 3910 76 3963 dou
90 3921 174 4000 utinam
190 3933 280 3982 reiicit
290 3933 458 3983 Dahlmann.
477 3933 494 3983 l.
507 3933 526 3983 l.
540 3951 565 3999 p.
579 3935 621 3983 54.
657 3934 712 3982 Nos
726 3932 793 3982 illud
806 3934 882 3983 modo
896 3934 1036 3985 affirmare
1050 3936 1132 3985 arude-

42 3991 185 4066 qutiuera
201 4000 234 4048 ab
252 4001 390 4051 Herodoto
415 4018 464 4066 per
481 4000 576 4050 Asiam
601 4007 629 4051 et
647 4001 770 4050 Africum
794 4002 871 4051 facta
890 4003 988 4052 cudere
1009 4008 1073 4053 autc
1092 4020 1133 4053 re-

41 4056 159 4110 tllatronem
170 4064 355 4134 Olympiacam
373 4067 438 4133 (vid.
457 4084 541 4134 supra
558 4072 582 4132 ξ.
601 4070 627 4131 4)
646 4068 764 4133 indeque
784 4070 949 4120 antecedere
970 4086 1070 4120 auruum
1083 4072 1132 4119 444

41 4122 83 4188 llll
97 4121 149 4177 chr·
165 4147 189 4182 ¹1.
222 4136 299 4186 Unde
323 4138 376 4187 iter
398 4138 427 4185 in
443 4137 596 4202 Aegyptum
614 4142 770 4202 susceptum
796 4138 871 4187 circa
895 4153 995 4199 arr-uum
1020 4137 1071 4188 450
1088 4138 1133 4188 vel

41 4188 107 4308 {¹1qu8
103 4207 177 4248 anuos
193 4201 322 4253 454-444
341 4204 524 4270 probabiliter
541 4206 605 4270 poni
625 4205 741 4255 diximus
761 4207 789 4254 in
807 4210 874 4255 nott.
895 4206 930 4255 ad
948 4206 982 4263 II,
1004 4205 1026 4255 l.
1057 4206 1090 4255 T.
1108 4207 1130 4257 Ι.

85 4294 116 4383 ⁸*l
130 4328 216 4386 Ukert.
236 4340 334 4405 Geogr.
349 4339 464 4391 Gracco.
487 4344 515 4389 et
528 4340 629 4390 Romm.
649 4342 669 4399 Ι,
692 4340 713 4390 l.
733 4357 759 4405 p.
774 4340 805 4389 'ri
825 4356 911 4406 seqq,
930 4340 1096 4391 Dahimuun.
1114 4340 1132 4389 l.

42 4376 54 4429 l·
67 4401 86 4449 p.
100 4391 126 4443 53
140 4412 206 4467 seqq.
