2900 5122
438 395 704 459 CALLIOPE.
727 400 785 460 IX.
808 410 851 463 λδ.
1154 408 1216 468 257

87 571 199 653 ἔταμον
214 561 312 654 όρκια
331 567 383 635 ἐπὶ
403 564 490 660 λόγῳ
508 572 641 661 τοιῷδε·
666 563 710 657 ἢν
730 567 1055 661 μδνὛλλοςνικήση
1073 571 1131 643 τόν
1150 585 1217 644 Πε-

87 674 306 755 λοποννησίων
329 663 491 757 ἡγεμόνα,
521 673 668 740 κατιέναι
687 665 904 761 Ἡρακλείδας
928 676 982 743 ἐπὶ
1000 672 1040 745 τὰ
1057 673 1215 766 πατρόιά·

86 761 122 853 ἢν
139 769 174 837 δὲ
185 773 322 858 νικηθῇ,
341 767 381 838 τό
400 776 540 859 ἔμπαλιν
553 765 770 860 Ἡρακλείδας
781 769 1054 846 ἀπαλλάσσεσθαι
1067 779 1121 846 καὶ
1133 773 1216 846 duui-

85 895 149 956 γειν
169 867 231 957 την
253 867 429 960 στρατιὴν,
465 870 584 942 ἑκατόν
609 900 645 942 τε
671 877 770 945 ἐτέων
793 873 838 964 μὴ
861 880 994 965 ζητῆσαι
1017 875 1160 948 κάτοδον
1184 882 1216 959 ές

84 969 343 1059 Πελοπόννησον.
363 979 548 1061 προεκρίθη
565 1002 601 1043 τε
620 971 662 1062 δὴ
681 979 717 1044 ἐκ
734 973 871 1047 πόντων
888 977 1070 1068 συμμάχων
1082 983 1215 1050 ἐθελον-

85 1068 296 1162 τῆςἝηεμος,
314 1068 332 1142 ό
353 1068 533 1164 Ἠερόπου,
558 1079 619 1144 τοῦ
642 1080 785 1165 Φηγέος,
810 1078 990 1168 στρατηγός
1012 1107 1047 1150 τε
1071 1077 1135 1150 έιόν
1158 1078 1214 1152 καὶ

84 1171 230 1258 βασιλεῦς
248 1168 422 1264 ἡμέτερος,
442 1178 496 1244 καὶ
516 1176 764 1267 ἐμουνομάχησέ
777 1206 813 1248 τε
831 1183 887 1249 καὶ
904 1177 1077 1251 ἀπέκτεινε
1085 1178 1213 1253 Ὕλλον.

82 1268 128 1343 'lle
143 1274 263 1345 τούτου
280 1279 341 1345 τοῦ
358 1283 458 1365 ἔργου
478 1271 647 1368 εὑρόμεθα
666 1282 703 1349 ἐν
719 1296 805 1350 τοῖσι
817 1289 1117 1371 Πελοποννησίοισι
1129 1300 1213 1353 τοῖσι

83 1372 146 1444 τότε
162 1379 217 1445 καὶ
236 1374 322 1446 ἄλλα
338 1381 437 1467 γε’ρεα
458 1376 602 1468 μεγάλα,
630 1377 671 1450 τό
694 1385 904 1472 διατελέομεν
922 1390 1062 1473 ἔχοντες,
1081 1386 1216 1455 καὶτοῦ

83 1479 184 1565 τέρεος
200 1481 266 1548 τοῦ
282 1480 396 1567 ἑτέρου
415 1482 480 1548 αἰεὶ
497 1475 729 1570 ἡγεμονεύειν,
754 1488 867 1571 κοινῆς
891 1483 1007 1568 ἐξόδου
1029 1488 1212 1575 γινομένης.

80 1570 162 1667 ’Τμιν
176 1582 240 1669 μέν
258 1608 335 1669 νυν,
355 1570 383 1650 ό
400 1580 668 1671 Λακεδαιμόνιοι,
687 1579 749 1653 οόκ
766 1580 982 1675 ἀντιεύμεθα,
1001 1583 1084 1656 όλλόι
1103 1585 1212 1657 διδόν-

82 1707 128 1760 τες
144 1685 286 1771 αίρεσιν,
304 1677 461 1770 ὁκοτέρου
479 1681 646 1771 βούλεσθε
663 1688 775 1774 κέρεος
793 1682 924 1777 ἄρχειν,
942 1695 1127 1778 παρίεμεν.
1152 1691 1215 1756 τοῦ

82 1909 152 1974 defiet
163 1909 213 1964 καί
225 1906 258 1964 ol
268 1904 406 1993 ἡγεμόνες
419 1905 619 1994 ἐμονομάχουν
669 1918 813 1968 mittuntur
829 1923 913 1982 atque
929 1919 958 1967 iu
974 1918 1062 1983 ipsIus
1075 1919 1213 1969 exercitus

81 1973 168 2057 aolfu
184 1982 369 2060 προνλησεας
387 1974 470 2033 τουτ’
488 1976 616 2047 ἐποίουν,
668 1986 809 2051 utriusque
834 1990 985 2051 conspectu
1008 1984 1050 2035 ita
1073 2000 1212 2051 pugnasse

81 2038 109 2096 ἓν
122 2048 215 2108 ullae
232 2044 404 2116 είρηκαμενι
417 2051 464 2100 -ad
482 2067 561 2116 quern
579 2051 618 2101 lo·
668 2058 828 2115 narrantur,
846 2058 877 2102 ut
895 2057 1009 2117 uterque
1027 2053 1211 2119 Hispanorum

82 2130 133 2164 enm
152 2116 232 2181 plura
254 2132 324 2167 sane
345 2118 493 2184 adscripsit
509 2120 545 2169 Is.
565 2119 617 2169 Ca·
667 2121 721 2170 dux
743 2135 840 2170 caesus
865 2136 898 2169 ac
919 2124 1071 2184 prostratus
1092 2120 1210 2183 iaoeret;

81 2183 220 2245 uubanus,
245 2200 330 2235 unum
347 2190 453 2236 tuntum
470 2186 551 2236 huius
567 2202 615 2253 pu·
667 2187 738 2236 uude
757 2187 847 2237 Gallis
868 2187 987 2237 victoria
1004 2188 1113 2254 obtigit.
1148 2187 1211 2239 Vid.

81 2264 143 2313 guae
157 2252 309 2317 singularis
325 2252 478 2319 exemplum
496 2253 616 2304 afferens

81 2333 109 2366 en
119 2319 227 2370 Diodor.
241 2319 336 2371 Siculo
348 2321 440 2381 xvn,
458 2320 506 2370 100
522 2322 556 2370 ds
566 2321 617 2370 Co·

80 2386 134 2450 tagi
154 2386 232 2438 ducis
254 2387 417 2438 Macedonis
437 2403 531 2454 pugna
555 2402 616 2437 cum

80 2451 206 2520 Dioxippo
216 2455 382 2506 Atheniensi
396 2459 477 2519 atque
490 2471 523 2504 ex
533 2454 616 2504 Atha·

81 2523 137 2569 nasi
144 2523 236 2573 verbis
245 2514 280 2574 έν
287 2513 384 2580 ἄλλοις
394 2514 550 2587 εἰρήκαμεν
560 2522 615 2572 col·

80 2585 167 2653 ligent,
173 2590 315 2640 Athenaei
323 2588 462 2654 peculiare
473 2604 541 2654 opus
551 2589 616 2639 olim

81 2657 223 2719 exstitisse,
243 2672 297 2723 quo
309 2656 436 2722 exemplu
448 2657 546 2706 ducum
559 2656 616 2706 col·

79 2720 190 2787 legisset,
204 2726 251 2789 qui
263 2722 399 2789 singulari
409 2725 559 2775 certamine
573 2739 616 2774 aa·

81 2787 153 2840 lutem
173 2792 345 2842 exercituum
365 2806 475 2841 suorum
497 2798 545 2841 aut
564 2792 617 2841 rei-

80 2857 197 2920 publicae
222 2858 414 2911 redemissent.
456 2860 510 2909 διὰ
538 2864 616 2909 recte

81 2927 172 2977 monuit
183 2926 466 2992 Schweighaeussrus
484 2927 522 2991 (in
536 2926 615 2976 Com·

81 2998 163 3042 nent
176 2995 211 3044 ad
222 2995 250 3044 h.
261 2993 280 3042 l.
290 2995 367 3045 '1⁸0m.
379 2995 415 3044 11.
426 3010 452 3059 p.
462 2994 532 3058 513),
544 2993 615 3045 haec

80 3059 203 3111 Athenaei
219 3062 310 3112 verba
325 3060 396 3112 nihil
415 3061 492 3111 aliud
510 3061 615 3127 signifi·

81 3141 135 3177 earo
150 3130 216 3180 nisi:
239 3129 315 3187 alibi,
333 3131 389 3179 ie.
407 3130 436 3178 in
449 3129 506 3178 alia
524 3131 615 3195 eperIs

80 3200 160 3257 perte,
183 3199 311 3259 δὶαίιιινε,
342 3213 376 3247 ae
400 3198 503 3263 respici
526 3196 614 3247 locum

80 3263 148 3325 primi
164 3264 243 3326 libri,
271 3280 324 3329 quo
342 3264 377 3314 de
398 3263 441 3314 his
458 3264 527 3314 satis
544 3279 616 3314 com·

81 3330 147 3379 node
169 3333 226 3382 diei
251 3337 370 3398 poterat.
414 3332 504 3382 Prisci
532 3333 615 3382 moris

81 3394 154 3448 lause
171 3400 224 3451 bec
236 3415 350 3466 pugnae
367 3399 516 3465 siugularis
528 3414 616 3462 genua

80 3464 116 3512 rel
135 3482 167 3516 cx
185 3468 302 3517 Homeri
325 3467 443 3530 libili,
465 3466 499 3516 98
519 3466 616 3532 colligi

80 3538 170 3594 potest,
185 3536 309 3600 itemque
322 3551 340 3584 a
350 3534 486 3584 Strabone
499 3535 574 3584 VIII.
587 3550 613 3599 p.

80 3598 131 3661 bt,
152 3603 198 3667 qui
215 3602 373 3653 huiusmodi
392 3607 533 3652 certamen
544 3617 616 3652 com-

81 3681 221 3720 memorans
234 3671 265 3720 id
278 3670 339 3721 fieri
353 3670 451 3720 scribit
462 3663 535 3720 ιιατοὶ
546 3663 616 3727 ἔθος

80 3733 237 3789 εικαλαιόν.
256 3738 353 3803 Neque
363 3738 490 3802 cuiquam
502 3738 531 3787 iu
541 3752 615 3786 men·

80 3806 126 3855 lem
135 3820 187 3854 nen
199 3807 282 3857 venit
293 3806 470 3856 Horatiorum
483 3810 511 3856 et
520 3804 615 3855 Curia·

81 3869 167 3922 tiorum
177 3880 322 3925 certamen
335 3873 407 3939 apud
417 3874 525 3924 Livium
535 3874 557 3935 I,
568 3870 615 3933 λδς

81 3950 108 3985 rx
123 3939 262 3991 Herodoto
283 3941 404 3991 conferri
424 3954 531 4006 quoque
551 3955 613 4005 poa·

80 4007 172 4057 mani
183 4009 241 4059 loci
253 4009 277 4069 1,
289 4007 332 4057 82.
345 4009 378 4068 V,
390 4006 432 4061 95.
461 4009 556 4075 Neque
569 4022 616 4056 no·

79 4076 131 4123 'tra
150 4082 231 4127 actae
246 4076 351 4126 talibus
374 4078 452 4125 caret
474 4074 614 4140 exemplis.

80 4140 148 4192 Anno
159 4142 225 4193 1794
236 4145 290 4194 duo
302 4142 443 4205 Gallprum
456 4143 539 4193 duces
549 4143 615 4205 (Du-

80 4206 138 4270 piot
147 4214 177 4260 ct
187 4210 312 4275 Lenaea)
325 4225 387 4261 curn
399 4210 503 4261 duobus
515 4210 615 4275 Hispa-

80 4288 164 4327 norum
174 4278 290 4332 duaibus
300 4286 366 4329 ante
378 4294 470 4329 arcem
479 4278 616 4343 Figueros

81 4341 264 4397 iuGstalonia
285 4361 348 4401 eum
369 4348 399 4399 In
419 4346 526 4396 modum
544 4360 616 4395 cem·

124 4449 346 4545 annonamque.

369 4576 386 4607 ⁴
417 4594 436 4627 a·

304 4690 436 4791 stt

666 2255 811 2316 Heymann
824 2254 854 2303 in
865 2254 974 2303 Erschii
987 2261 1016 2304 et
1025 2254 1143 2305 Gruberi
1156 2257 1210 2305 En-

668 2319 829 2385 cyclopead.
847 2320 955 2370 Secti.
969 2320 1030 2372 Vol.
1042 2323 1170 2372 XXVIII.
1184 2339 1209 2387 p.

667 2386 726 2438 324.
756 2388 798 2437 Ad
814 2387 901 2438 verba
919 2381 1025 2454 ἔταμον
1041 2378 1124 2451 ὅρκια
1139 2389 1210 2440 conf.

668 2454 706 2504 IV
729 2453 770 2504 79.
784 2455 843 2515 vn,
860 2453 907 2504 1³2
921 2455 1014 2520 ibique
1026 2461 1095 2505 nott.

702 2491 806 2572 έκατόν
816 2536 847 2572 τε
860 2513 956 2587 teies]
971 2524 989 2572 i.
1001 2539 1025 2572 e.
1034 2524 1104 2572 intra
1115 2530 1211 2573 centum

667 2605 756 2640 annea.
778 2590 836 2639 Nec
846 2588 929 2639 aliter
941 2590 1059 2655 simplex
1073 2592 1212 2655 genitivus

666 2655 899 2720 11‚115.vi‚58,
919 2656 963 2706 vel
980 2658 1099 2707 usitatus
1117 2658 1145 2707 in
1162 2673 1212 2724 pu-

666 2726 749 2775 blicis
759 2725 943 2785 docnmentis;
955 2725 1011 2776 rid.
1019 2723 1144 2778 Boecklr:
1153 2727 1211 2775 Mo·

666 2792 860 2843 natsberichtt.
871 2793 897 2841 d.
904 2792 1100 2842 Berlin.dcad.
1107 2792 1133 2843 d.
1139 2793 1211 2843 win-

666 2859 773 2910 seusch.
791 2858 863 2910 1853.
877 2874 940 2925 pag.
954 2857 1011 2910 162.
1035 2861 1066 2910 ln
1080 2875 1211 2911 annorum

666 2934 762 2978 centum
779 2943 890 2978 numero
905 2929 1033 2992 congruit
1050 2943 1111 2977 cum
1123 2928 1211 2978 Hero·

666 2995 729 3045 doto
747 2993 1074 3058 Sch01.Thucyd.1‚1u;
1094 2996 1139 3060 qui
1156 2996 1210 3046 hae

666 3063 700 3113 de
712 3078 741 3112 re
755 3063 875 3127 egerint,
888 3061 979 3128 plures
991 3061 1088 3113 laudat
1099 3064 1210 3113 Wesse-

666 3131 735 3246 liqg.
748 3130 909 3209 adDipdor.
921 3130 972 3209 ¹2¹·
1057 3194 1068 3207 ⁴

667 3211 854 3315 omittet
867 3191 1211 3330 bittltttttssltttl

666 3332 729 3382 inde
742 3331 913 3382 retinendum
926 3332 998 3380 duxi.
1029 3332 1099 3379 Nam
1112 3348 1127 3380 e
1140 3331 1211 3380 Pau·

666 3401 748 3450 sauia
759 3400 834 3462 VIII,
848 3399 873 3448 4.
886 3399 910 3459 ξ.
923 3398 953 3459 7,
973 3398 1020 3446 ubi
1034 3397 1082 3446 ille
1094 3403 1211 3448 vocatur

665 3461 794 3531 Κηφεδς,
808 3465 880 3532 apud
889 3464 1058 3515 Herodotum
1071 3466 1210 3529 corrigere

665 3534 763 3585 volunt
785 3526 916 3597 Κηφέος,
945 3532 1079 3582 suadente
1103 3547 1210 3598 quoque

666 3601 814 3652 Siebelisio
826 3600 883 3665 (qui
896 3599 967 3649 hunc
973 3599 1105 3650 Euhenum
1117 3598 1209 3650 luctae

665 3669 817 3735 praemium
834 3667 932 3718 tulisse
949 3668 978 3717 iu
991 3666 1135 3733 Olympico
1151 3683 1210 3717 cer-

666 3737 769 3786 tamine
783 3736 913 3785 observat
925 3751 940 3784 e
952 3734 1062 3785 Pinder.
1076 3733 1119 3785 Ol.
1129 3736 1163 3794 II,
1177 3734 1210 3784 79

666 3803 754 3869 seqq.)
773 3808 801 3853 et
811 3801 965 3864 Larchero,
985 3803 1031 3867 qui
1047 3802 1099 3851 hoc
1111 3802 1145 3851 de
1158 3802 1209 3852 Ce-

666 3871 738 3938 pheo
749 3875 861 3936 praeter
873 3870 1029 3920 Pausaniae
1042 3869 1061 3918 l.
1073 3869 1091 3919 l.
1105 3872 1210 3920 excitat

666 3937 821 4004 Apollodor.
835 3939 857 3996 I,
869 3935 895 3987 8.
905 3939 928 3999 §-
938 3937 963 3986 2.
977 3952 1042 4003 pag.
1052 3935 1086 3987 30
1097 3943 1125 3986 et
1133 3938 1157 3998 §-
1171 3935 1210 3986 ld.

667 4022 730 4072 pag.
747 4004 789 4055 49.
824 4005 897 4055 Hinc
915 4005 1014 4069 Negris
1030 4005 1137 4069 recepit
1152 4003 1209 4069 Κη-

667 4068 750 4140 utos:
764 4072 863 4138 reliqui
876 4072 994 4123 editores
1005 4073 1033 4121 in
1042 4071 1155 4136 vulgata
1166 4087 1210 4121 ec·

667 4142 838 4207 quieveruut.
865 4140 906 4190 Ad
918 4138 1151 4205 significationem
1163 4153 1210 4188 vo·

668 4211 709 4259 cis
721 4202 805 4274 γε’ρεα
817 4210 950 4270 (bonores,
965 4205 1109 4272 privilegia)
1126 4206 1155 4254 in
1167 4220 1209 4254 se·

668 4276 813 4342 quentibus
832 4274 1039 4332 nortliutae
1057 4273 1150 4337 iquue
1169 4271 1210 4320 al·

666 4344 736 4395 lata.
750 4343 796 4406 IV,
812 4342 944 4405 143.v11‚
959 4341 1015 4392 194.

969 4432 1008 4493 17
