2984 5154
467 442 670 504 URANIA.
693 445 783 506 VIII.
804 454 848 508 39.
870 455 913 509 33.
1216 455 1256 515 45

115 611 299 704 Χαράδρου
323 616 379 683 καὶ
404 610 553 704 Ἔρωχον
576 618 632 685 καὶ
660 615 936 723 Τεθρώνιονςθκαλ
968 613 1166 707 Ἀμφίκαιαν
1201 625 1256 689 καὶ

114 718 240 786 Νέωνα
261 719 318 785 καὶ
339 718 478 797 Πεδιέας
503 719 559 786 καὶ
584 721 717 806 Τριτέας
743 721 799 788 καὶ
819 713 987 789 Ἐλάτειαν
1004 722 1059 789 καὶ
1077 715 1258 810 Ὑάμπολιν

113 820 168 887 καλ
180 825 464 909 Παραποταμίους
481 816 660 910 κάλ’Ἀβας,
680 826 766 891 ἔνθα
783 810 826 909 ἦν
844 818 918 912 λρδν
933 817 1138 903 ’Λπόλλωνος
1156 822 1256 893 πλού-

112 1021 169 1078 nat,
183 1031 239 1065 non
250 1017 463 1082 prorsusliquet.
482 1017 562 1068 Cani.
572 1019 660 1068 Kruse
713 1024 784 1070 teste
797 1018 937 1085 Stephano
947 1021 1013 1084 Byz.
1025 1020 1060 1070 ad
1071 1020 1174 1072 Locros
1186 1021 1256 1073 Ozo-

113 1084 361 1149 llpsgelseq.
397 1086 455 1134 Nee
472 1086 662 1151 magieliquet
712 1087 755 1138 las
767 1087 951 1153 pertinuerint
963 1104 1076 1153 eumque
1092 1090 1151 1138 iere
1166 1089 1255 1140 locum

112 1152 144 1201 de
162 1151 284 1210 Eraria,
310 1168 394 1216 qnae,
419 1153 443 1202 si
466 1160 541 1203 recte
563 1155 662 1203 statuit
712 1156 864 1219 tenuerint,
884 1172 962 1221 quem
979 1171 1051 1205 nuno
1069 1156 1195 1207 obtineat
1207 1174 1255 1223 pa·

111 1220 202 1269 liruse
215 1219 234 1268 l.
248 1221 267 1269 l.
280 1237 307 1284 p.
319 1218 366 1279 69,
384 1221 566 1285 probabiliter
578 1236 660 1286 qnae·
712 1239 763 1287 gae
776 1224 956 1285 'lurcoehori3
974 1225 1048 1273 conf.
1062 1225 1146 1274 etium
1158 1226 1255 1276 Forbi-

111 1288 199 1337 renda
217 1293 261 1337 est
283 1288 357 1337 intra
374 1287 544 1338 Charadram
563 1296 591 1338 et
608 1290 659 1338 Te·
712 1308 769 1358 ger.
789 1290 807 1343 l.
829 1291 848 1340 l.
866 1292 915 1341 111.
936 1308 999 1357 pag.
1020 1291 1071 1342 913
1088 1307 1145 1357 seq.
1180 1294 1254 1343 Idem

109 1355 261 1418 thronium,
275 1354 323 1404 ubi
332 1370 401 1404 sane
415 1357 508 1422 oppidi
519 1357 660 1406 cuiusdam
712 1361 801 1410 Kruee
814 1358 831 1411 l.
841 1359 859 1408 l.
870 1376 896 1425 p.
906 1357 940 1409 89
951 1360 1090 1410 Pedieneer
1101 1361 1175 1410 intra
1185 1361 1255 1411 Neo·

109 1423 250 1488 reliquiae
263 1427 372 1473 exstare
385 1424 513 1474 dicuntur
524 1440 608 1490 prope
620 1425 661 1474 vi·
712 1443 775 1477 nem
792 1427 922 1490 (Belitza)
940 1433 968 1477 et
984 1428 1126 1477 Tritaeam
1144 1428 1255 1490 (Turro-

109 1507 172 1540 cum
187 1490 294 1566 Suelio.
330 1492 410 1569 Apud
422 1492 590 1542 Pausaniam
609 1493 626 1541 l.
644 1493 661 1544 l.
714 1495 798 1557 chori)
812 1494 939 1545 collocat.
970 1494 1254 1562 Leakel.l.ll.pag.

109 1560 245 1608 scribitur
259 1557 383 1623 Ερωχος.
418 1559 660 1617 Tethroainm‚aive
712 1562 814 1627 Blleeq.
841 1563 1018 1613 Pediensium
1030 1564 1157 1628 oppidum
1170 1580 1255 1629 prope

112 1626 285 1679 Iitlsrom'am.
311 1634 340 1675 ut
360 1628 516 1678 Pausanias
539 1628 662 1694 appellat
714 1631 874 1696 Cephissum
895 1631 924 1680 in
941 1629 1071 1696 planitie,
1096 1646 1165 1696 quae
1185 1632 1256 1681 inter

107 1694 125 1744 l.
139 1695 158 1744 l.
174 1694 240 1744 coll.
255 1694 387 1759 Stephan.
400 1695 464 1759 Byz.
479 1710 500 1745 e.
514 1711 554 1753 v..
567 1696 662 1745 Locri·
713 1699 872 1748 Tithoream
891 1703 919 1747 et
931 1698 1058 1748 Elateam
1070 1700 1199 1761 interest,
1218 1700 1255 1749 ai-

107 1763 151 1812 dis
164 1762 307 1842 oppidum·
318 1763 403 1843 fuisse
417 1763 452 1812 ad
464 1763 661 1844 Thermopyla·
713 1772 770 1816 tum
788 1766 873 1816 faisse
889 1766 961 1823 vult,
979 1767 1026 1815 ubi
1045 1766 1133 1815 adhue
1148 1767 1255 1829 minae,

106 1832 661 1962 merimuth..tilithi
713 1834 1255 1967 tlsslblttldt‘ldltillut}

107 1965 344 2031 adcognoscitur.
379 1967 485 2016 Ruinas
501 1968 576 2016 urbie
597 1970 661 2017 sunt
711 1969 886 2023 Ledonurbs
902 1985 962 2019 eum
982 1970 1016 2019 ab
1028 1969 1170 2019 Herodoto
1184 1985 1256 2019 conr-

107 2036 154 2100 qui
169 2035 207 2084 ad
217 2033 329 2083 laevam
340 2034 468 2101 Cephissi
478 2035 566 2099 ripam
575 2049 659 2099 quae·
710 2043 863 2089 memorata
874 2036 948 2086 haud
960 2038 1011 2099 sit,
1028 2037 1101 2087 haud
1111 2037 1254 2103 improba-

106 2109 189 2163 runt,
203 2102 253 2151 ubi
265 2117 339 2155 nunc
349 2103 444 2161 Μαλλοί,
456 2118 511 2152 non
522 2101 604 2152 valde
617 2118 658 2153 ra·
709 2106 766 2156 bile
779 2106 883 2168 rideri,
901 2103 982 2155 buius
999 2106 1075 2156 urbia
1089 2105 1177 2155 locum
1191 2105 1254 2156 olim

106 2180 213 2221 motum
227 2184 246 2218 a
257 2170 344 2231 Dedi3
358 2171 407 2220 alii
421 2172 455 2220 ad
468 2170 592 2220 dextram
606 2170 658 2221 Ce·
708 2175 831 2225 tenulsee
841 2174 1017 2224 Pediensium
1027 2174 1162 2239 oppidum.
1176 2174 1255 2235 Quae

106 2239 199 2305 phinei
222 2237 378 2301 collocant;
402 2240 491 2288 miuus
513 2245 604 2300 reete,
629 2243 661 2287 ut
711 2259 791 2307 quam
804 2242 887 2292 dubia
900 2244 1061 2303 sint‚nemo
1074 2257 1127 2291 non
1138 2242 1222 2291 ridet.

107 2308 229 2357 ridetur.
266 2305 657 2372 cf.ffieuelie1.1.p.297,
749 2307 799 2360 nal
822 2300 981 2376 Ἐλάτειαν]
1013 2311 1108 2360 Elatca
1135 2311 1253 2360 omnium

106 2376 200 2426 Kmse
212 2374 293 2453 1132.
306 2391 332 2440 p.
344 2372 392 2435 86,
410 2373 507 2424 Lealre
523 2373 542 2423 l.
560 2375 579 2427 l.
593 2389 658 2440 pag.
709 2377 841 2429 Phocidis
851 2384 943 2427 terrae
952 2378 1060 2427 urbium
1069 2378 1188 2427 maxima
1198 2395 1255 2443 per·

106 2440 147 2494 86.
166 2442 212 2492 87.
250 2442 420 2508 Αμφίααιαν
441 2442 537 2493 urbem
553 2442 659 2492 Pausa·
709 2440 1009 2496 bibetdrloeoeitaad
1020 2446 1253 2495 Boeotiaminva-

108 2513 170 2563 niae
190 2511 209 2560 l.
228 2510 250 2563 l.
268 2517 353 2561 vocat
367 2500 565 2576 Ἀμφίκλειαν,
588 2525 658 2574 qnae
711 2513 828 2563 dendam
838 2512 920 2563 valde
932 2517 1092 2578 opportuno.
1111 2513 1171 2562 vid.
1182 2514 1254 2563 Pau-

108 2580 161 2630 init
174 2579 319 2629 recentior
325 2580 402 2630 urbis
413 2578 574 2644 appellatio,
587 2579 659 2628 Pau·
711 2583 811 2645 sauli,
822 2580 863 2631 34.
874 2582 897 2641 9.
908 2580 918 2629 l
932 2581 1024 2644 ibique
1034 2579 1152 2629 Siebelie
1161 2596 1187 2645 p.
1195 2578 1253 2643 300,

109 2650 207 2698 reniae
218 2653 345 2712 tempore
351 2647 502 2707 sollemnis,
514 2661 574 2695 eum
584 2646 660 2711 prius
711 2652 757 2714 qui
775 2650 960 2699 recentiorum
973 2662 1079 2712 quoque
1096 2648 1255 2712 peregrina-

110 2715 304 2848 tullii
319 2705 660 2834 bullirlihlil
709 2715 1256 2835 itlhlllllttzlllhd⁰ltili

211 2819 219 2832 ·
249 2819 256 2832 ·
295 2819 302 2833 ⁰
376 2821 383 2845 r
763 2824 769 2846 r

109 2852 350 2918 peregrinatorum
366 2851 527 2901 testimonia
549 2852 659 2917 (quibus
709 2853 806 2905 volunt
817 2854 907 2903 vicum
917 2851 1011 2902 Eleate
1023 2867 1043 2901 s.
1053 2851 1152 2912 Elefta,
1165 2852 1254 2916 hesta,

110 2920 172 2970 add.
194 2918 292 2970 Lealre
309 2919 328 2969 l.
347 2919 365 2969 l.
384 2935 448 2985 pag.
461 2918 508 2982 86,
528 2920 657 2970 Viecher:
710 2938 727 2971 a
739 2921 872 2971 Tithorea
884 2920 991 2970 duabus
1008 2919 1083 2970 horis
1098 2919 1254 2972 distantem.

109 2989 316 3052 Erinnerungg.
329 3003 379 3037 aus
391 2986 548 3037 Grieehenl.
560 3004 586 3053 p.
597 2987 657 3037 621.
709 2988 794 3039 Plura
803 2989 891 3038 Kruse
905 2989 938 3051 11,
949 2989 975 3041 2.
988 3004 1049 3054 pag.
1061 2985 1095 3035 76
1103 3002 1161 3052 aeq.
1185 2989 1265 3057 ndu,

108 3056 169 3120 625)
188 3055 300 3115 attulit,
318 3056 416 3120 quibus
433 3055 596 3120 Amphiolea
613 3071 659 3105 ve·
710 3057 806 3108 Leahe
820 3056 837 3106 l.
852 3055 869 3106 l.
884 3057 919 3107 Il.
932 3073 959 3122 p.
972 3055 1005 3106 82
1019 3056 1081 3106 οολλ.
1097 3054 1159 3116 188,
1175 3072 1254 3121 quem

108 3132 152 3174 tua
172 3130 236 3174 eum
255 3123 356 3188 oppido
368 3124 439 3172 Darii
453 3125 495 3173 sie
510 3125 580 3174 eatis
594 3139 658 3174 con·
709 3126 833 3192 seqnitur
845 3125 982 3189 Forbiger
993 3124 1011 3173 l.
1023 3124 1041 3173 1.
1055 3124 1253 3190 111.pag.914.

109 3194 204 3242 venire
229 3191 349 3241 ridetur.
394 3191 434 3241 Ae
461 3206 529 3241 eane
555 3191 658 3242 Clarhe
708 3194 800 3243 Minue
818 3199 894 3243 recte
913 3192 963 3242 alii
980 3192 1071 3243 vicum
1088 3191 1256 3242 Tureoehori

110 3259 241 3323 (Trarele
263 3259 302 3320 11,
326 3258 350 3309 3.
374 3256 480 3325 capii.
508 3275 534 3324 p.
555 3260 604 3309 225
631 3265 659 3309 et
709 3261 762 3310 huc
780 3261 915 3311 referunt:
936 3259 1254 3311 eoni.Clarchravele

110 3329 170 3390 227)
194 3328 233 3378 ad
256 3327 454 3393 Amphieaeem
478 3328 577 3377 referri
599 3327 659 3377 vult
709 3330 748 3391 II,
772 3329 796 3379 3.
821 3345 882 3394 cap.
907 3327 932 3377 8.
955 3344 1019 3395 pag.
1037 3328 1100 3389 225,
1125 3329 1172 3391 qui
1194 3328 1254 3395 ipse

111 3397 249 3448 moenium
262 3395 406 3461 grandium
419 3411 453 3445 ae
467 3396 581 3445 turrium
594 3395 658 3445 reli·
710 3413 743 3447 eo
756 3397 892 3447 inclinare
911 3397 1025 3446 videtur.
1061 3396 1256 3460 Derumpoli

112 3466 290 3582 aare
303 3462 478 3581 inu
538 3462 608 3581 ω
709 3465 766 3581 n
779 3469 848 3581 rc·
862 3462 1253 3582 ιιιιιιοαν

157 3569 164 3583 .
276 3547 445 3582 rure...
491 3547 555 3582 mar
614 3547 658 3581 eo·
711 3549 777 3594 a,
831 3548 893 3582 co.
971 3568 1030 3590 ‚.
1111 3547 1254 3582 .1ecer:

113 3601 195 3666 gitari
207 3600 244 3649 de
257 3616 290 3651 eo
303 3600 379 3663 loco,
397 3548 442 3665 qil
457 3614 587 3651 occasum
599 3615 660 3650 ver·
709 3601 912 3665 Erinnerungg.
930 3615 980 3649 aue
995 3598 1153 3649 Griechenl.
1167 3617 1194 3665 p.
1205 3599 1254 3650 627

115 3683 158 3719 sua
167 3684 184 3719 a
196 3669 262 3718 rico
271 3668 403 3719 Ternitaa
414 3684 499 3734 propo
510 3667 659 3734 Oglunitza
710 3684 785 3733 seqq.
805 3670 1001 3733 Parapotamioa
1010 3672 1137 3718 recenset
1149 3683 1254 3732 quoque

115 3737 247 3801 quaedam
268 3737 363 3802 oppidi
384 3737 516 3802 reliquiae
539 3738 567 3786 ln
589 3735 659 3785 colle
710 3737 865 3786 Pausanias
877 3736 914 3798 X,
929 3735 953 3786 3.
971 3738 993 3796 5.
1013 3738 1037 3784 2.
1056 3737 1096 3787 83.
1116 3736 1138 3795 ἓ.
1156 3737 1173 3784 4
1192 3735 1255 3786 coll.

116 3806 268 3866 contineat,
283 3806 352 3855 duaa
363 3803 445 3855 horas
458 3820 474 3854 a
486 3805 560 3854 Dadi
573 3819 659 3853 remo·
711 3804 838 3855 Strabon.
856 3805 903 3853 1x.
922 3819 986 3869 pag.
1004 3804 1053 3852 424
1070 3819 1092 3853 e.
1110 3802 1160 3853 649
1172 3803 1203 3852 Α.
1227 3808 1255 3853 et

116 3878 169 3936 tas,
194 3888 269 3939 quaa
293 3875 355 3938 lpse
375 3873 460 3923 multo
483 3873 592 3938 propior
612 3872 658 3921 Li·
710 3872 850 3923 Plutarch.
864 3873 920 3921 liii.
931 3872 996 3936 Syll.
1010 3870 1049 3931 16,
1063 3872 1109 3936 qui
1121 3865 1174 3936 τὴν
1185 3864 1255 3934 πρό-

117 3939 192 3992 laese
217 3942 262 3991 eit
298 3942 342 3990 De
367 3941 454 3991 Neoae
481 3941 598 3990 diximus
623 3939 659 3989 ad
709 3956 794 4005 τερον
805 3933 858 4006 μέν
867 3930 1256 4005 μενομένηνάιιρόπολιντῶν

116 4008 251 4069 v111‚32.
289 4003 414 4067 Πεδιέας
431 4013 459 4058 et
473 4002 593 4071 Τριτέας
611 4023 657 4057 ne·
709 4007 945 4074 Παραποταμίων
955 4012 1156 4069 commemorat,
1171 4009 1199 4057 in
1210 4022 1256 4058 cu·

118 4076 377 4141 glexitPausanias.
412 4077 454 4126 Ad
470 4075 657 4141 hosquodre·
710 4080 751 4127 ius
774 4077 878 4139 locum,
903 4076 970 4125 urbe
995 4092 1105 4137 eversa,
1132 4080 1256 4126 cesserat

119 4144 205 4195 ierunt
230 4139 384 4207 Τριταιέας
408 4144 481 4210 apud
502 4144 655 4208 Thucydid.
711 4139 799 4224 λόφος
822 4137 968 4209 πετρώδης
991 4140 1040 4194 καὶ
1063 4141 1256 4208 περίκρημνος

119 4212 162 4271 ΙΠ,
179 4212 223 4262 161
240 4213 299 4275 (ubi
315 4213 370 4262 rid.
384 4212 564 4278 interprctt),
582 4218 660 4263 reete
711 4229 760 4264 του
776 4205 913 4263 Ἡδυλίου
930 4206 1115 4277 διωρισμένος
1132 4201 1216 4274 ὅρους
1229 4227 1254 4260 α.

120 4281 262 4331 obaerrare
275 4280 385 4330 videtur
394 4282 482 4330 Kruee
493 4280 509 4328 l.
517 4280 534 4329 l.
546 4296 609 4346 pag.
616 4279 658 4341 88,
711 4297 733 4331 τ.
745 4282 769 4331 λ.
789 4279 1003 4345 Παραποταμιά
1013 4285 1104 4330 exstat
1114 4279 1185 4344 apud
1196 4280 1254 4328 Ste-

119 4346 197 4399 hoece
214 4348 385 4411 Thucydidis
405 4348 567 4398 Iiu'taeenaes
591 4348 660 4398 alioe
711 4350 794 4414 phan.
808 4350 874 4413 Byr.
893 4365 913 4398 s.
927 4364 953 4400 v.
967 4365 1031 4415 pag.
1045 4347 1103 4397 626.
1141 4348 1219 4408 Quae
1237 4361 1255 4395 a

122 4429 178 4466 esse
195 4420 276 4483 atque
293 4416 429 4467 Herodoti
449 4416 592 4481 Τηλειαεο,
614 4416 661 4481 qui
711 4418 804 4468 Persis
817 4417 931 4468 incensa
945 4421 1046 4485 etpost
1058 4416 1186 4466 restituta
1203 4414 1255 4465 fuit
