2866 5134
244 354 304 415 438
663 344 978 406 ΟΟΜΜΕΝΤΑΤΙΟ

244 539 276 575 ea
287 521 381 588 tribui,
398 520 512 590 quaein
532 520 668 572 Graecum
684 517 776 586 potius
794 518 934 586 hominem,
951 520 1136 588 sophistarum
1151 525 1178 572 et
1196 519 1328 572 rhetorum
1341 520 1367 572 in

244 606 345 660 scholis
368 604 499 657 nutritum
522 611 550 656 et
574 604 716 656 educatum
739 603 913 658 conveniant.
952 603 1014 655 Vid.
1038 604 1091 671 ΠΙ,
1113 608 1156 658 71.
1181 609 1224 658 72.
1245 603 1367 672 80.ΙΙ,Ι
1428 650 1429 673 ,

244 691 354 762 (mlii.
368 708 395 759 p.
408 691 449 756 7).
467 689 499 757 V,
515 694 558 741 ⁶24.
577 689 638 753 Vll,
658 690 698 740 10.
711 692 736 753 ς.
749 692 765 739 4
777 686 838 739 coll.
851 688 913 756 Vll,
932 690 990 742 102.
1006 691 1064 741 152.
1082 687 1157 756 vul,
1171 692 1214 742 20.
1227 688 1298 754 ΙΙΙΙΙ,
1315 691 1367 741 110.
1428 744 1429 755 ,

244 779 268 839 §.
289 779 301 828 l
321 784 349 827 et
366 775 439 826 conf.
456 773 660 826 annotationem
672 771 706 824 ad
718 773 768 824 hos
784 770 868 825 locos.
901 772 970 826 Add.
982 773 1004 839 Ι,
1018 774 1045 826 0.
1057 772 1109 841 ΙΙΙ,
1120 776 1164 839 53,
1175 773 1228 826 elia
1236 773 1262 826 id
1273 786 1371 840 genus:

244 860 393 929 eodemque
408 858 480 911 haud
495 859 552 911 scio
568 875 601 909 ao
617 857 782 926 pertineant,
798 874 869 928 quae
884 857 1010 910 Solonem
1030 864 1058 909 et
1074 857 1206 910 Croesum
1224 856 1369 927 colloquen-

244 952 296 997 tem
323 944 351 1016 (1
359 983 366 1008 ‚
389 946 423 997 30
450 937 595 1014 seqq.)*),
622 947 670 993 aut
703 959 773 1011 qnae
799 943 827 1008 Ι,
855 945 904 995 207
931 942 1066 995 Croesum
1092 942 1225 996 dicentem
1251 934 1369 1006 fseiffl).

153 1050 158 1058 ·
245 1034 431 1100 Anaxagorae
447 1027 644 1097 philosophiam
664 1026 807 1078 Herodoto
827 1026 963 1095 cognitam
984 1028 1074 1080 fuisse
1097 1046 1113 1079 e
1128 1027 1187 1080 loco
1207 1027 1258 1094 ΙΙΙ,
1274 1029 1315 1094 00,
1329 1026 1372 1079 obl

245 1113 408 1167 sententiam
421 1114 602 1180 Anaxagorae
612 1111 730 1163 decretis
743 1110 854 1164 similem
867 1106 1073 1183 enuntiat***)‚
1093 1113 1156 1182 quis
1166 1112 1288 1180 colligat3
1300 1128 1370 1181 proe-

247 1198 340 1251 sertim
358 1215 418 1249 cum
432 1196 485 1249 alio
500 1196 559 1249 loco
575 1196 612 1263 ΙΙ,
628 1200 662 1248 22
678 1195 740 1265 (uhi
752 1198 825 1249 conl.
842 1203 912 1252 nott,
929 1196 991 1257 Vol,
1008 1196 1030 1249 Ι.
1042 1215 1069 1265 p.
1085 1199 1153 1264 473)
1167 1205 1260 1249 contra
1275 1196 1370 1249 Anam-

247 1299 331 1351 gorae
352 1282 516 1334 sonantium
536 1282 570 1334 de
592 1280 649 1333 Nili
671 1280 831 1332 inundantis
854 1281 946 1334 causis
962 1281 1100 1333 edisserat
1116 1281 1247 1335 historiae
1263 1280 1371 1351 scriptor

246 1373 275 1421 et
288 1366 349 1419 aliis
366 1382 476 1437 quoque
492 1366 519 1418 in
537 1366 621 1418 rebus
636 1366 670 1417 ab
686 1366 735 1416 boc
751 1364 913 1436 philosopho
933 1364 1009 1419 valde
1027 1365 1185 1420 dissentiat.

777 1590 802 1651 S.
821 1588 861 1639 10.

331 1770 386 1823 Sed
401 1771 468 1822 haec
481 1770 581 1839 exigua
595 1770 674 1823 modo
692 1770 810 1823 fontium
832 1770 1029 1837 indidissent,
1054 1790 1069 1822 e
1085 1772 1190 1841 quibus
1204 1770 1370 1824 Herodotenm

248 1874 318 1927 opus
334 1856 449 1908 fluxisse
466 1855 668 1909 existimemus!
685 1856 774 1908 Multo
790 1855 879 1924 plura,
899 1856 950 1907 imo
964 1855 1089 1925 plurima,
1109 1873 1183 1926 qnae
1197 1874 1229 1910 eo
1246 1854 1370 1909 continen-

247 1952 303 2009 tur,
320 1942 421 2010 ipsein
439 1941 586 1993 itineribus
603 1941 744 2012 comperit,
762 1941 823 2009 ipse
834 1941 919 2008 vidit3
935 1957 1022 2010 eoque
1038 1941 1213 2010 potissimum
1226 1946 1327 2011 praeter
1338 1938 1370 1988 lo

247 2043 339 2079 corum
365 2033 393 2078 et
413 2025 571 2093 regionum,
598 2043 667 2096 quas
690 2026 751 2095 ipse
774 2024 854 2092 visit,
881 2024 1083 2094 descriptiones
1103 2027 1245 2080 retulerim
1264 2041 1326 2095 quse
1343 2021 1370 2073 de

248 2110 371 2180 templis,
388 2110 540 2180 portentis,
560 2109 694 2176 oraculis,
712 2109 853 2175 donariis,
876 2110 938 2162 aliis
950 2109 978 2161 id
994 2127 1100 2178 genus,
1117 2119 1168 2164 aut
1186 2113 1265 2164 etiam
1279 2110 1309 2162 de
1322 2108 1370 2177 ipss

248 2213 339 2249 rerum
355 2194 471 2247 historia
494 2194 536 2247 his
553 2195 624 2264 ipsis
639 2195 667 2247 in
686 2194 753 2246 locis
770 2202 907 2263 comperta
922 2195 1071 2264 perscribit
1085 2211 1228 2266 uunquam
1242 2213 1294 2248 nou
1313 2190 1368 2245 iodi-

248 2287 308 2333 cato
322 2282 399 2332 fonte
413 2279 457 2332 vel
469 2286 590 2333 auctore.
618 2280 657 2333 Ut
668 2279 763 2351 paucis
779 2280 874 2345 dicam,
889 2279 963 2348 quod
979 2281 1079 2351 sentio,
1095 2279 1141 2332 vel
1154 2282 1216 2351 ipse
1228 2280 1301 2345 vidit,
1313 2292 1369 2347 quse

248 2365 370 2435 scripsit,
387 2364 429 2418 vel
443 2383 459 2417 a
473 2364 674 2433 sacerdotibus,
697 2382 768 2434 qnos
789 2363 835 2416 illa
850 2370 940 2417 aetate
954 2380 1005 2434 per
1021 2365 1156 2418 orientem
1172 2365 1293 2436 inprimis
1314 2377 1370 2415 onos

247 2451 344 2503 doctos
360 2467 455 2517 gerum
477 2458 617 2517 gestarum
639 2449 763 2502 notitiam
789 2450 918 2502 habuisse
945 2456 1062 2517 constat,
1088 2452 1199 2522 accepit
1225 2445 1372 2504 sciscitando

248 2537 292 2588 vel
309 2534 555 2603 mercatoribus,
586 2552 656 2605 quos
672 2534 700 2587 in
718 2534 867 2587 itineribus
883 2535 1027 2601 convenit,
1054 2535 1094 2586 uti
1114 2535 1169 2589 iam
1183 2552 1266 2606 supra
1282 2529 1371 2587 monui·

248 2638 318 2674 rous.
352 2619 533 2673 Praeirerant
546 2619 688 2673 Herodoto
708 2619 755 2690 qui
773 2618 856 2687 vulgo
878 2626 1013 2672 vocantur
1028 2618 1203 2692 logographi‚
1219 2620 1265 2691 qui
1281 2615 1373 2672 lahaim

248 2704 403 2776 antiquitus
429 2703 545 2757 traditos
572 2703 659 2758 literis
683 2711 714 2757 ut
737 2704 935 2772 consignarent
950 2722 1038 2774 eoque
1052 2705 1132 2757 modo
1149 2703 1314 2776 posteritatis
1329 2717 1373 2753 me·

249 2789 350 2844 moriae
370 2789 512 2842 traderent
534 2806 594 2842 curm
615 2790 696 2842 unice
716 2789 769 2842 sibi
784 2789 1007 2859 proposuissent,
1026 2789 1054 2841 in
1071 2789 1163 2859 ipsum
1176 2808 1263 2845 rerum
1277 2788 1315 2842 sic
1327 2794 1374 2838 trs·

249 2875 366 2927 diturum
382 2882 570 2941 argumentum
584 2875 690 2928 minime
706 2874 922 2943 inquisiverunt,
941 2875 1011 2927 satis
1026 2875 1178 2943 habentes,
1195 2895 1242 2943 ea,
1258 2889 1323 2944 quae
1334 2887 1374 2921 ore

147 2977 149 2981 ¹
249 2964 354 3011 tantum
366 2957 454 3010 adbuc
465 2959 566 3011 tradita
578 2968 667 3030 erant,
680 2959 792 3030 scriptis
804 2960 929 3012 mandata
937 2959 1056 3029 posteris
1066 2960 1189 3015 tradere.
1208 2962 1294 3024 Qttam
1311 2957 1371 3024 logo

249 3044 414 3112 grapborum
428 3044 559 3097 rationem
568 3045 618 3095 iam
626 3044 995 3114 Hecataeumquodammodo
1003 3045 1165 3099 deseruisse
1181 3046 1282 3099 indicat
1292 3055 1370 3113 prooe-

249 3129 329 3182 mium
341 3127 417 3195 iuud,
428 3129 501 3199 quod
514 3129 864 3199 udGenealogiarnmopus
877 3130 1370 3200 nunereserunt(cr.u1ouerungm

251 3214 315 3270 hist.
336 3215 452 3266 Graeco.
470 3214 491 3268 Ι.
513 3232 539 3283 p.
561 3216 623 3279 25),
644 3214 718 3284 apud
733 3215 853 3269 Demetr.
874 3214 908 3267 de
930 3213 1039 3270 Elocut.
1056 3219 1082 3279 §.
1104 3220 1138 3269 12
1160 3216 1204 3269 bis
1220 3214 1308 3268 verbis
1321 3225 1372 3262 cou-

250 3307 372 3367 ceptum:
389 3291 535 3361 Ἑκαταῖος
554 3287 695 3368 Μιλήσιος
717 3287 772 3353 dds
792 3301 940 3368 μυθεῖται·
961 3293 1028 3354 τάδε
1043 3292 1152 3375 γράφω,
1172 3292 1210 3363 oie
1224 3318 1267 3369 μοι
1282 3288 1374 3364 liquis

318 3564 343 3628 ΙΙ)
362 3566 425 3618 Vid.
438 3583 508 3633 quac
526 3567 561 3617 da
578 3566 621 3616 his
639 3567 791 3618 monuimus
809 3568 837 3616 in
854 3568 929 3617 notis
946 3568 981 3617 sd
999 3568 1024 3617 h.
1044 3568 1061 3617 l.
1080 3568 1142 3619 Vol.
1162 3569 1184 3618 1.
1202 3584 1264 3634 pag.
1281 3562 1312 3615 dl
1326 3574 1374 3623 ⁸0⁴1·

252 3635 343 3696 Quare
356 3634 474 3686 Deuuou
492 3634 590 3697 (Cours
603 3634 735 3685 d'Etudes
746 3634 913 3701 historiques
926 3635 957 3685 T.
971 3636 1043 3686 viu.
1058 3652 1123 3701 pag.
1138 3634 1197 3700 116)
1214 3634 1291 3687 valde
1309 3642 1373 3681 vere

251 3706 309 3762 tur,
322 3707 351 3750 ut
364 3707 451 3752 totum
464 3703 516 3753 hoc
530 3702 694 3768 colloquium
707 3718 805 3753 revera
817 3718 936 3768 uuquam
949 3704 1033 3753 luerit
1045 3703 1179 3755 habitum.

319 3782 358 3849 ss)
378 3786 457 3848 Quod
473 3803 540 3837 vero
552 3788 578 3847 1,
596 3787 657 3849 155,
670 3786 716 3837 ubi
730 3787 846 3837 Croesus
859 3787 931 3849 Cyro
944 3788 1088 3838 eonsilium
1102 3789 1164 3846 dat,
1182 3787 1270 3853 Lydos
1282 3789 1310 3833 ot
1320 3779 1372 3831 effe·

253 3854 374 3905 minutos
387 3854 498 3915 reddat,
512 3854 691 3905 Wacbsmuth
704 3855 824 3917 (Hellen.
838 3854 1034 3906 Alterthumek.
1047 3857 1085 3918 ΙΙ,
1098 3856 1123 3906 2.
1138 3873 1163 3921 p.
1180 3855 1209 3904 17
1222 3872 1242 3905 s.
1254 3853 1286 3903 11.
1299 3868 1322 3915 p·
1332 3844 1373 3897 35²

254 3921 296 3972 cd.
309 3922 379 3986 sec.)
399 3923 519 3987 quaerit,
538 3923 591 3973 hoc
604 3922 699 3973 Croesi
717 3922 862 3974 consilium
882 3939 915 3973 ex
932 3924 980 3986 iis,
1001 3939 1071 3989 quae
1090 3924 1191 3975 Graeci
1209 3917 1313 3986 tyranni
1327 3915 1372 3992 iam

252 3995 309 4039 tum
322 3990 456 4051 iecerint,
475 4005 538 4039 num
550 3991 703 4055 proiectum
716 3992 766 4051 sit,
785 4007 821 4041 an
834 4007 867 4041 ex
880 3990 990 4041 Graeca
1002 3992 1109 4042 omniuo
1123 3992 1231 4043 fluxerit
1241 3990 1372 4040 centenus,
1428 3992 1429 3995 ’

253 4056 357 4107 frustra
370 4057 435 4107 mihi
449 4072 581 4122 quaerere
594 4059 710 4109 videtur.
740 4060 836 4124 Neque
850 4058 921 4108 euim
933 4058 1005 4109 talia
1023 4060 1124 4109 obsunt
1136 4075 1153 4110 e
1165 4073 1255 4123 regum
1268 4053 1372 4104 orient·-

253 4125 320 4175 lium
333 4141 406 4176 moro
419 4130 502 4190 atque
515 4126 617 4177 indole.

321 4207 375 4272 m)
393 4210 450 4260 Ubi
465 4210 494 4259 in
511 4209 565 4261 tine
583 4210 710 4276 leguntur
725 4209 809 4261 haec:
831 4201 862 4261 iv
881 4202 935 4275 γὰρ
952 4209 993 4275 soi
1007 4209 1101 4275 πολλῷ
1123 4204 1176 4261 ἔνι
1198 4201 1237 4258 tri
1259 4198 1371 4277 stringi,

255 4279 415 4344 quibuscum
433 4279 545 4345 iungere
563 4279 643 4341 licet,
662 4294 732 4343 quae
751 4279 777 4342 Ι,
798 4278 846 4330 103
864 4283 987 4330 exstant:
1006 4271 1062 4343 πρὸ
1079 4277 1130 4329 τοῦ
1147 4272 1184 4329 di
1200 4266 1322 4337 circuli
1336 4278 1372 4332 η’

254 4337 820 4413 πάνταὸμοίωςᾶναπεφυρμένα,
842 4347 1188 4413 adquoslocosrid.uott.
