2900 5122
424 374 691 438 CALLIOPE.
714 376 773 438 IX.
796 384 841 441 57.
863 387 907 442 58.
1175 384 1236 446 307

167 546 363 639 Μαρδόνιος
392 549 445 638 δέ,
474 543 518 630 ύς
546 547 690 620 ἐπύθετο
717 547 793 630 τούς
809 545 972 638 Ἕλληνας
998 546 1236 641 ἀποιχομένους
1245 566 1283 627 58

100 645 158 720 ύπό
175 649 293 740 νύκτα,
313 651 386 721 εἶδέ
399 678 434 720 τε
453 648 511 721 τὸν
528 655 637 741 χοῖρον
656 654 788 742 ἐρῆμον,
807 654 948 733 καλέσας
960 648 1018 722 τόν
1032 663 1236 744 Ληρισσαῑον

100 750 237 843 Θώρηκα
249 755 303 822 καὶ
321 750 399 834 τούς
416 749 604 842 ἀδελφεούς
615 749 722 822 αύτού
732 748 937 841 Εὐρύπυλον
955 756 1010 822 καὶ
1022 754 1237 844 Θρασυδήιον

98 859 199 941 ἔλεγε·
232 844 272 925 'te
289 860 406 936 παῖδες
421 851 576 943 Ἀλεύεω,
596 862 643 925 ἔτι
661 863 696 924 τί
711 858 830 944 λέξετε,
848 853 929 925 τάδε
946 850 1096 946 ὁρέοντες
1116 860 1235 946 teiam

98 949 188 1044 ὑμεῖς
205 954 270 1047 γὰρ
288 962 323 1026 ol
337 954 557 1046 πλησιόχωροι
577 958 705 1045 ἐλέγετε
722 963 1008 1047 Λακεδαιμονίους
1031 953 1072 1027 ού
1097 957 1236 1047 φεύγειν

101 1059 132 1126 έκ
147 1055 263 1148 μύχης,
282 1054 365 1127 ύλλοὶ
382 1054 508 1149 ἄνδρας
527 1054 670 1128 εἶναιτὰ
688 1060 827 1148 πολέμια
844 1057 1005 1149 πρύτους·
1024 1056 1102 1141 τούς
1121 1058 1235 1149 πρότε·

100 1155 156 1247 μέν
175 1186 212 1228 τε
236 1161 492 1249 μετισταμένους
517 1162 553 1230 ἐκ
576 1163 634 1248 τῆς
656 1158 764 1243 τάξιος
788 1166 911 1249 εἴδετε,
936 1163 1001 1230 νύν
1024 1189 1059 1230 τε
1082 1156 1148 1231 ύπό
1174 1159 1236 1250 τὴν

99 1263 336 1351 παροιχομένην
352 1260 458 1331 νύκτα
475 1262 530 1331 καὶ
548 1266 585 1331 οἱ
598 1260 718 1343 πάντες
735 1256 874 1351 ὁρέομεν
893 1260 1102 1352 διαδράντας.
1130 1266 1235 1332 διέδε-

101 1359 154 1443 ξύν
169 1389 221 1449 τε,
242 1366 317 1432 έπεέ
330 1385 436 1452 σφεας
455 1367 528 1433 ἔδεε
545 1359 627 1452 πρδς
644 1360 721 1444 τούς
739 1358 911 1445 ἀψευδέως
928 1359 1083 1455 ἀρίστους
1102 1360 1235 1456 ἀνθρύ-

101 1488 166 1533 πων
181 1461 270 1555 μάχη
290 1467 521 1555 διακριθῆναι,
545 1460 596 1534 ὅτι
618 1460 755 1547 ούδένες
779 1461 843 1556 ἄρα
868 1462 975 1546 ἐόντες
1001 1469 1037 1535 έν
1059 1462 1234 1559 οὐδαμοῖσι

690 1629 770 1680 culae
782 1617 841 1694 ἄρα
853 1629 908 1680 rid.
922 1629 1010 1679 allata
1023 1629 1058 1680 ad
1067 1630 1140 1691 VIII,
1151 1628 1181 1691 83
1200 1630 1233 1681 de

274 1662 341 1712 CAP-
360 1663 459 1713 ῙΝῙῙῙ·
689 1713 745 1774 ¹¹⁸⁰,
756 1697 912 1762 partipriir
932 1689 1027 1756 έόντες
1040 1723 1073 1732 -
1088 1688 1234 1749 έναιιεδει·

129 1753 184 1813 ύκὸ
194 1755 293 1824 νύκτα]
304 1765 322 1817 i.
329 1765 515 1822 aaubrroctem,
525 1764 635 1826 utvffl,

101 1829 138 1880 ΙΙ.
148 1832 196 1894 lx,
207 1830 297 1885 blffl.
316 1832 419 1898 attigit
428 1832 527 1885 Matth.
535 1832 581 1882 Gr.
589 1832 636 1881 Gr.

100 1898 122 1957 5.
133 1897 182 1950 593
194 1900 252 1949 iuit.
266 1900 387 1965 itemque
399 1899 475 1951 Gail:
489 1900 528 1950 Le
542 1898 637 1965 philol.

100 1965 142 2016 IV.
154 1966 281 2032 pugilli).
306 1967 387 2018 Coul.
401 1969 486 2019 etiam
498 1967 636 2018 Kuehuer.

101 2032 143 2083 Gr.
160 2034 245 2112 Gn}
263 2032 323 2085 617.
345 2036 400 2096 ΙΙΙ,
418 2037 447 2097 2,
466 2036 492 2085 b.
530 2037 562 2086 Iu
574 2050 636 2100 par·

100 2100 190 2167 ticipio
199 2096 407 2169 ακοιχομένονς
417 2103 564 2169 praeteriti
574 2109 638 2152 tem·

101 2170 169 2233 porta
180 2171 232 2221 rim
251 2171 344 2221 iueaee
357 2171 488 2221 observat
501 2169 637 2220 Schaeicr

100 2236 125 2284 ia
137 2238 335 2289 Animadversa.
353 2238 388 2288 ad
401 2237 543 2289 Plutarchi
557 2238 636 2288 Vitas

101 2302 207 2356 VolVI.
218 2304 347 2372 pugilli
365 2306 448 2356 Haud
461 2305 544 2356 aliter
553 2305 636 2371 paulo

101 2378 159 2436 port
174 2374 258 2435 eth,
271 2373 306 2424 60
322 2364 380 2424 ύπό
398 2366 451 2439 τὴν
468 2388 636 2439 παροιχο-

101 2434 203 2505 μένην
224 2436 323 2492 νύκτα.
365 2442 407 2491 De
436 2442 550 2492 Illoruce
578 2441 634 2492 vid.

103 2507 146 2567 lx,
163 2509 184 2558 1.
206 2536 238 2544 -
263 2510 295 2559 In
312 2525 388 2574 aeqq.
408 2510 443 2559 all
460 2502 494 2558 τύ
513 2503 635 2573 πολέμια

102 2575 152 2624 vta
163 2582 226 2626 uott.
240 2578 276 2627 ad
288 2578 340 2639 ΙΙΙ,
353 2579 379 2626 4.
408 2578 441 2627 In
458 2576 636 2641 aequantibua

103 2642 186 2693 verbis
201 2637 352 2704 claravalle
365 2644 477 2694 articuli
489 2646 545 2695 vim
558 2647 637 2694 notat

689 1780 796 1816 κννατο
817 1765 968 1815 monuimus
990 1764 1025 1814 ad
1045 1765 1080 1825 11,
1101 1765 1145 1825 153
1171 1765 1233 1816 add.

691 1833 775 1884 etiam
792 1832 929 1882 Matthiae
947 1833 993 1881 Gr.
1012 1831 1058 1881 Gr.
1082 1833 1105 1893 ἓ.
1124 1832 1188 1895 549,
1207 1834 1232 1883 5.

688 1901 731 1950 De
756 1901 817 1965 ipaa
841 1899 997 1965 imperfecti
1021 1900 1109 1950 forma
1133 1891 1234 1951 έναπε-

690 1960 842 2018 δεικνύατο
860 1967 915 2018 rid.
934 1966 1050 2018 Bredov.
1064 1983 1091 2033 p.
1104 1966 1154 2018 329
1167 1983 1233 2032 seq..

689 2036 735 2101 qui
755 2036 856 2086 similia
877 2035 977 2086 tertiae
1017 2050 1133 2085 eraouae
1153 2035 1234 2085 huiua

688 2104 791 2154 formas
804 2119 837 2153 ex
848 2102 947 2153 Noatro
960 2052 1093 2154 cofieetaa
1111 2102 1232 2153 exhibet.

688 2171 767 2232 Quod
778 2170 812 2221 all
822 2170 929 2235 reliqua
940 2170 1048 2233 attinet,
1061 2171 1155 2220 durius
1165 2186 1233 2222 sane

688 2239 790 2289 dictum
812 2239 920 2288 videtur
941 2237 976 2288 ab
997 2238 1150 2290 Herodoto:
1173 2232 1232 2289 διέ·

689 2303 776 2370 δεξαν
793 2330 825 2342 -
843 2296 886 2355 ὅτι
905 2330 937 2341 -
961 2295 1057 2364 ἐόντες
1078 2333 1110 2341 -
1134 2297 1233 2356 έναπε-

689 2366 856 2435 δεικνύατο,
876 2388 893 2422 a
911 2372 1173 2438 SchweIghaeuaero
1193 2375 1233 2424 lta

686 2442 789 2492 Latino
807 2456 976 2506 expressum:
998 2443 1176 2498 ostenderant,
1196 2457 1232 2499 ae,

686 2527 740 2560 cum
756 2510 807 2559 aiut
823 2509 894 2559 nihili
914 2508 1040 2573 λειαίνει,
1062 2509 1132 2558 iuter
1150 2509 1231 2559 Grac·

687 2593 744 2638 coa,
775 2578 819 2643 ηαί
838 2592 885 2626 uec
903 2577 955 2640 ἱροὶ
974 2579 1047 2625 ulliae
1066 2577 1118 2626 aiut
1137 2577 1253 2640 μῆρα,

688 2646 827 2697 ειπίιιιιίεεε.
855 2645 887 2693 In
899 2644 966 2693 Lex.
980 2643 1082 2693 Herod.
1097 2644 1128 2706 (1.
1142 2661 1169 2709 p.
1182 2644 1233 2692 212

103 2709 225 2763 Matthiae
243 2713 290 2762 Gr.
310 2713 355 2763 Gr.
374 2713 399 2774 §-
412 2710 469 2762 266.
495 2712 537 2763 De
550 2712 636 2778 signi·
687 2711 766 2777 aem),
779 2713 827 2762 ubi
840 2711 911 2761 idem
923 2712 965 2761 vir
978 2711 1074 2761 doctus
1087 2712 1179 2762 variae
1191 2712 1231 2760 vi·

105 2776 220 2830 litatione
250 2781 329 2831 verbi
359 2775 532 2843 διαδράντες
563 2780 636 2831 conf.
688 2796 777 2831 rorum
786 2779 928 2830 doctorum
938 2780 1180 2844 interpretationes
1191 2779 1232 2828 ai·
1316 2830 1319 2835 ,

105 2850 165 2895 uott.
176 2848 209 2898 ad
221 2849 296 2909 VIII,
310 2846 351 2898 60.
364 2849 388 2910 ξ.
402 2847 415 2897 1
434 2848 510 2898 etad
523 2848 636 2899 verbum
688 2849 753 2899 fert:
773 2847 904 2898 Gronovii
921 2844 1130 2909 („oateudcrunt‚
1143 2849 1232 2897 nullius

106 2907 227 2978 διέδεξαν
243 2921 313 2967 uott.
333 2915 368 2966 ad
385 2916 450 2978 VII,
467 2915 514 2965 172
531 2916 565 2966 de
583 2916 636 2966 hoc
686 2931 743 2967 reae
752 2917 834 2982 pretii
845 2917 913 2965 inter
927 2915 1040 2965 Graecos
1058 2922 1083 2965 et
1095 2917 1165 2980 iproa
1177 2919 1235 2964 nul·

106 2982 187 3032 verbo.
687 2987 735 3035 liua
748 2985 829 3049 pretii
842 2989 912 3033 τίνοι
929 2983 1131 3041 denronatrurt“‚
1151 2998 1231 3047 quam

136 3037 173 3100 ὅτι
192 3040 310 3110 ούδένες
326 3041 384 3114 ἄρα
403 3042 499 3110 έύντες
523 3076 551 3085 -
572 3042 636 3101 ἕνα·
686 3052 842 3102 versionem
855 3052 991 3101 intactam
1004 3050 1231 3116 reliquitWease-

107 3112 293 3185 κεδεικνύατο]
317 3110 436 3177 ούδένες
457 3133 552 3170 omnes
571 3118 636 3167 libri
686 3117 818 3186 lingiua),
843 3119 990 3168 Laurentii
1007 3117 1107 3168 Vallae
1124 3116 1232 3181 („andc

108 3183 222 3252 afferunt,
250 3187 297 3253 qui
321 3188 407 3238 etiam
430 3187 483 3247 111,
507 3184 541 3235 26
564 3186 636 3235 idem
687 3189 776 3237 calliae
793 3203 848 3237 erae
860 3201 888 3236 ae
900 3188 980 3250 pretii
995 3188 1064 3235 iuter
1077 3186 1190 3235 Graecos
1206 3192 1232 3235 et

108 3254 225 3367 ffaebeut
242 3270 350 3305 omues:
370 3255 469 3305 Noster
486 3255 557 3304 euim
570 3253 634 3303 aliia
685 3256 756 3320 iprae
767 3256 857 3304 nullius
867 3256 948 3318 pretii
957 3254 1026 3302 viror
1037 3254 1230 3315 ostenderant‘)

132 3322 173 3383 cia,
191 3323 355 3373 aBrodorio
367 3339 433 3389 pag.
445 3321 496 3371 278
509 3321 635 3372 collectis
687 3327 715 3372 et
732 3321 843 3372 Aemilii
861 3321 938 3371 Porti
955 3320 1013 3385 (qui
1031 3320 1058 3369 iu
1071 3319 1175 3369 Lexico
1188 3321 1227 3369 Io·

109 3392 133 3433 tt
155 3389 180 3439 in
202 3390 343 3442 Thesauro
371 3390 452 3456 Ling.
479 3391 577 3441 Graec.
600 3390 633 3438 V.
686 3390 749 3440 nico
766 3380 1008 3440 ἐναπεδεικνύατο
1033 3388 1231 3451 intorpretatur

109 3468 162 3519 pag.
187 3456 252 3509 2363
281 3458 324 3510 ed.
349 3458 476 3509 Diudorf.
507 3457 635 3523 repetitio
687 3463 761 3507 erat:
788 3455 982 3507 ostentabantur
1004 3454 1049 3504 vel
1070 3454 1232 3504 ostentabant

110 3516 345 3592 scripsiturirlaaol
361 3531 390 3577 et
402 3521 546 3592 μηδαμολ,
564 3525 635 3589 quod
685 3525 738 3588 ae),
761 3526 821 3590 ipae
844 3523 878 3573 ad
899 3522 1005 3572 hancce
1022 3521 1132 3571 Aemilii
1153 3521 1231 3571 Porti

110 3587 190 3641 Ionum
207 3610 265 3645 eaae
284 3598 403 3645 testatur
414 3593 534 3644 Thomas
547 3591 635 3657 Magi-
686 3592 942 3658 interpretationem
964 3588 1099 3639 accedero
1116 3589 1229 3651 mavult,

110 3662 194 3710 atera
214 3679 238 3713 v.
259 3652 357 3721 ούδελς
377 3677 442 3728 pag.
459 3660 518 3712 662.
555 3659 634 3710 Unde
686 3661 772 3711 verbo
785 3650 1050 3711 ἐναποδείκνυσθαι
1062 3657 1229 3707 Herodotum

112 3726 170 3786 qued
187 3728 234 3780 hoc
258 3731 342 3780 etiam
362 3729 424 3780 loco
444 3745 493 3795 pro
517 3718 635 3786 ούδένες
685 3742 764 3779 usum
786 3744 846 3778 eaae
867 3731 944 3776 ratus
966 3742 999 3775 aa
1020 3726 1145 3785 notione,
1194 3740 1230 3774 ua

111 3794 181 3843 scribi
191 3787 315 3863 ούδαμολ
326 3798 405 3848 iubet
417 3797 505 3849 Cobet
517 3797 545 3846 in
558 3797 635 3847 Muc-
688 3795 759 3846 aliaa
782 3796 895 3846 verbum
920 3785 1128 3844 ἐνδείκνυσθαι
1153 3740 1228 3841 adqhi·

112 3865 254 3926 measuVI.
268 3865 458 3931 pag.55aeq.‚
472 3879 634 3915 uouasaen·
686 3863 800 3923 beatur,
830 3862 947 3927 indeque
971 3861 1055 3912 verbo
1080 3851 1229 3910 tremesc-

113 3925 163 3989 tim,
175 3931 338 3984 Herodotum
350 3937 465 3997 utroque
477 3933 556 3982 modo
569 3933 635 3982 acri·
686 3931 813 3981 κννσθαι
825 3930 963 3996 passivam
974 3928 1070 3981 tribuit
1079 3928 1229 3986 notionem,

113 3990 165 4045 bere
173 4002 289 4063 potuiaae
303 4006 385 4067 atque
396 4000 480 4050 etiam
490 4000 635 4065 acripaiaae
687 4001 728 4049 ite
740 4006 771 4049 ut
783 3999 891 4064 proprie
909 3997 936 4049 h.
948 3997 966 4047 l.
981 3992 1087 4046 valeat:
1106 3996 1228 4045 ostentati

113 4066 183 4114 ”lua
204 4068 286 4119 Uaum
297 4070 376 4119 recia
388 4058 506 4127 ούδένες
518 4073 636 4132 tangunt
686 4073 755 4127 aaut,
775 4073 894 4132 tunquam
903 4065 1040 4130 praecipui
1055 4071 1080 4113 et
1092 4063 1180 4112 extruit
1190 4063 1227 4110 iu-

112 4126 194 4184 llatth.
206 4135 249 4186 Gr.
263 4137 309 4187 Gr,
323 4138 347 4198 5.
358 4135 423 4199 437,
438 4134 450 4185 l
465 4142 493 4186 et
505 4134 635 4184 Kuehuor
684 4137 773 4200 aquili
787 4142 812 4183 et
830 4134 952 4183 celebrati
967 4137 1039 4187 aaut:
1062 4145 1114 4195 quo
1133 4128 1228 4179 eodem

114 4196 151 4249 Gt.
161 4200 202 4254 Gr.
212 4205 235 4265 §-
246 4204 376 4257 athnot.
389 4203 413 4254 3.
438 4202 634 4253 Dalocutione
686 4217 768 4252 aenou
790 4202 824 4251 ab
848 4200 910 4251 aliia
934 4200 1010 4249 addit
1030 4198 1143 4248 verbum
1165 4195 1228 4260 poni

113 4261 189 4331 Ροδέν
200 4286 220 4321 a.
235 4263 322 4323 ον’δέν
339 4264 416 4323 εἶναι
432 4286 515 4336 supra
532 4271 634 4320 monui·
687 4261 892 4319 ἐνδείκνυσθαι
916 4265 1078 4330 (ostentari),
1102 4268 1133 4313 ut
1156 4260 1228 4326 apud

114 4347 161 4385 mua
179 4338 209 4388 ad
224 4340 301 4402 VIII,
324 4338 380 4391 100.
415 4339 457 4388 De
478 4353 530 4389 uau
549 4339 634 4404 parti·
685 4336 814 4387 Acachia.
829 4338 857 4386 iu
869 4334 991 4400 ctesiph.
1005 4327 1228 4398 pag.lll0lteialr.

960 4417 1025 4482 20*
