2826 5132
227 420 283 478 DE
307 420 411 479 VITA
431 420 490 479 ET
512 418 703 479 SORIPTIS
726 418 956 479 HERODOTI.
1093 424 1151 484 dll

56 590 127 657 giren
142 590 202 643 dara
216 592 344 661 potuerit.
374 591 457 656 Quod
479 592 549 644 enirn
572 608 588 643 a
609 589 819 644 Monteialconio
840 593 868 644 iu
886 591 1016 644 Biblioth.
1037 590 1153 645 Coislin.

55 691 104 743 pag·
122 677 168 730 tot
181 674 276 729 edituro
292 685 335 729 ast
350 676 541 746 proverbium,
561 676 681 747 indeque
697 683 831 747 receptum
851 676 879 728 in
894 676 1155 746 Paroemiographo-

55 776 99 811 run
108 759 268 813 collectiones
283 760 351 835 (rid.
376 761 412 814 T.
433 762 456 815 Ι.
479 780 507 831 p.
523 764 576 815 400
598 761 642 813 ed.
661 761 806 828 Gottirg.)‚
831 761 872 814 sic
886 780 916 813 sc
933 762 1027 815 habeta
1050 758 1089 823 sic
1102 757 1154 832 τὴν

52 831 175 909 Ἡροδότου
188 841 283 900 cardo·
305 840 350 900 tut
371 847 428 900 τῶν
448 841 485 916 μὴ
506 839 767 916 σελεσιοοογούντυν
785 837 993 916 ἃπροοίλονσο·
1015 845 1085 916 φασὶ
1101 841 1154 916 yolo

53 920 172 996 Ἡρόδοτον
193 923 242 984 τὸν
264 925 440 1000 λογογράφον
459 924 626 1000 Ὀλυμπιάσι
650 931 738 996 δεῖξαι
769 929 942 1003 βουληθέντα
972 926 1024 1003 τὴν
1054 926 1155 986 ἑαυτοῦ

57 1009 150 1081 ἴσσοοιαν
165 1008 369 1089 ἀναβάλλεσθαι
386 1010 489 1086 ἡμέραν
511 1011 539 1083 ἐξ
558 1010 673 1086 ἡμέρας,
695 1010 834 1085 φάσκοντα
856 1017 937 1079 σκιᾶς
956 1012 1154 1090 ελέτιιλοὶβοισο

55 1090 115 1171 ἐντῷ
125 1097 219 1169 τεμένει
235 1103 286 1155 τοῦ
297 1094 457 1173 Ὀλυμπίου,
470 1102 572 1168 δείξειν
585 1095 637 1171 τὴν
652 1099 783 1171 ἕπουσαν·
798 1096 854 1156 lori
869 1096 921 1171 γὰρ
936 1103 1034 1164 δεινῶς
1051 1097 1154 1172 oporti-

54 1185 97 1235 λσοσ
108 1179 134 1237 τὸ
146 1188 255 1254 χωρίον·
277 1183 379 1241 ἔλαθον
394 1175 446 1242 οὖν
465 1181 553 1242 αὐτὸν
572 1189 734 1242 διαλυθεῖσα
747 1179 766 1256 ἡ
780 1181 936 1257 πανήγυρις
949 1181 1001 1242 οὐκ
1016 1182 1154 1255 ἐπιδειξοὶ·

53 1284 115 1334 μενον
127 1264 170 1333 τὰς
182 1268 309 1341 irruptae.

115 1354 163 1408 Sed
175 1357 208 1410 de
224 1357 272 1410 hac
286 1363 347 1428 ipsa
362 1358 524 1411 recitatione
545 1358 612 1427 quid
628 1357 730 1411 omnino
746 1356 921 1410 statuendum
936 1356 990 1425 sit,
1007 1363 1154 1427 antequam

52 1440 177 1493 accuratius
192 1442 341 1512 rideamus,
357 1442 500 1495 dicendam
517 1442 569 1495 erit
583 1442 617 1495 de
635 1461 682 1510 eo,
695 1442 766 1514 quod
779 1458 865 1512 supra
878 1442 965 1495 Suida
984 1443 1155 1513 potissimum

51 1538 75 1572 ac
83 1521 222 1579 Marcellino
233 1528 353 1580 testibus
366 1527 507 1580 retulimus
516 1527 550 1580 de
557 1526 715 1595 Thucydide
727 1543 812 1596 puero
824 1532 970 1597 praesente
986 1528 1153 1582 etHerodoti

52 1607 182 1663 recitatione
207 1613 325 1665 excitato
353 1612 387 1664 ad
413 1612 499 1665 simile
529 1629 598 1682 apua
625 1612 793 1665 historiarum
826 1610 1005 1665 condendum.
1045 1612 1154 1666 Etenim

50 1689 122 1758 plores
135 1696 305 1764 exstiterunt,
321 1697 369 1769 qui
384 1697 419 1749 de
436 1699 485 1751 hac
502 1697 658 1750 narratione
681 1713 793 1766 prorsus
809 1696 968 1749 dubitarent
987 1696 1154 1769 eandemque

50 1775 100 1828 adeo
116 1779 189 1848 plane
202 1782 364 1836 reiicereut:
390 1781 464 1835 inter
483 1800 554 1852 quos
570 1783 655 1852 primo
678 1781 733 1834 loco
758 1781 904 1852 ponendus
917 1780 1098 1835 Heilmannua
1124 1783 1153 1835 in

50 1858 97 1913 lita
113 1863 285 1934 Thucydidis,
312 1884 391 1937 qnam
413 1866 637 1937 interpretationi
658 1867 833 1919 Germanicae
854 1866 997 1936 praefixit,
1027 1870 1110 1937 atqua
1129 1867 1154 1921 ei

52 1944 191 2017 adstipulans
201 1952 299 2022 Poppo
313 1952 342 2004 in
358 1950 487 2021 Prolegg.
504 1951 538 2004 ad
553 1951 704 2019 Thucydid.
720 1949 781 2003 Vol.
796 1952 820 2004 Ι.
837 1970 864 2021 p.
878 1955 912 2004 24
926 1968 1004 2024 seqq.
1021 1952 1082 2019 ³35,
1097 1961 1155 2006 tum

53 2028 217 2102 chronologicis
240 2036 395 2089 rationibus
423 2038 539 2102 ductus,
571 2036 663 2108 „quod
691 2036 851 2104 Thucydide
879 2053 966 2106 puero
995 2036 1154 2091 Herodotus

53 2114 106 2166 nodo
115 2120 232 2173 tredecim
243 2139 334 2174 annos
345 2126 412 2174 natu
424 2122 509 2176 maior
524 2122 610 2174 libros
624 2138 689 2174 suos
705 2122 809 2175 demum
822 2120 914 2174 miultis
925 2122 1009 2175 terris
1022 2139 1153 2191 peragra-

53 2197 78 2248 tis
87 2202 187 2272 scriptos
204 2206 324 2259 recitare
341 2206 413 2258 baud
430 2206 511 2259 facile
525 2206 658 2277 potuerit,
676 2212 732 2261 tum
749 2225 813 2260 varo
833 2207 913 2260 etiam
930 2225 977 2268 eo,
1000 2206 1074 2277 quod
1088 2207 1154 2261 haec

52 2298 85 2333 rea
96 2284 144 2354 ipsa
157 2308 204 2359 per
218 2309 249 2344 se
269 2290 441 2345 incredibilis
456 2291 597 2359 rideatur,
616 2309 671 2345 cnm
686 2291 857 2360 Thucydidis
879 2291 990 2360 ingenio
1006 2300 1153 2362 repugnet,

53 2366 157 2441 qrimlgi
172 2375 272 2429 iudicia
293 2380 505 2446 contemptorem
523 2395 553 2428 se
575 2376 699 2429 ostendat
714 2394 804 2446 neque
825 2376 905 2429 ullam
924 2392 1043 2446 unquam
1064 2366 1153 2429 Hero-

54 2447 96 2502 ltli
105 2454 219 2513 historiae
236 2461 270 2513 ab
284 2460 328 2528 iis,
345 2478 415 2530 quae
429 2462 531 2530 ipsein
547 2461 660 2514 historia
672 2462 822 2531 spectanda
835 2466 954 2532 putaret,
972 2460 1154 2514 alienissimae

57 2533 216 2598 stratonem
237 2545 369 2617 prodat.“
401 2545 482 2610 Quae
503 2545 627 2616 pluribus
645 2545 706 2598 licet
727 2547 850 2599 refutare
870 2545 1010 2598 studuerit
1021 2540 1153 2618 Heysel)

59 2618 183 2683 trdmms
203 2631 278 2684 haud
301 2630 485 2684 incredibilem
509 2631 597 2684 videri
618 2631 685 2683 hanc
711 2631 745 2684 de
766 2630 929 2699 Thucydide
960 2630 1152 2699 narrationem,

61 2704 173 2767 lfflidem
188 2721 350 2769 statuerunt
368 2715 478 2784 Krfigar
488 2712 543 2785 **),
559 2711 729 2783 Vdrual***),
745 2716 805 2767 alii:
828 2726 916 2768 tumen
933 2716 1020 2768 fictam
1036 2734 1152 2785 prorsus

61 2782 164 2850 ladardan
178 2817 239 2854 esse
258 2802 331 2853 bunc
345 2802 440 2853 tamam
455 2806 613 2854 statuerunt
629 2801 663 2868 ii,
685 2801 732 2869 qui
754 2818 855 2853 omnem
871 2800 942 2853 illam
965 2801 998 2852 de
1018 2800 1152 2853 Herodoti

59 2871 176 2936 &atone
200 2885 347 2955 Olympica
373 2886 557 2939 narrationem
583 2887 616 2939 ad
636 2884 742 2939 fabulas
765 2884 941 2954 relegarunt,
966 2884 1052 2938 veluti
1068 2883 1151 2937 Dahi-

56 2966 180 3039 mast),
191 2969 346 3038 Mure·††),
362 2969 423 3037 alii3
440 2971 597 3025 dubitanter
606 2970 818 3041 pronuntiarunt
832 2972 861 3039 ii,
875 2971 922 3040 qui
934 2969 1004 3023 illam
1015 2970 1153 3022 recitatio-

55 3046 154 3103 lfldcri
168 3055 295 3124 potuisse
307 3055 370 3131 licet
383 3055 491 3110 minime
507 3062 648 3125 negarent,
666 3062 753 3108 tamen
771 3073 816 3124 ea,
839 3073 909 3126 quae
932 3056 965 3108 de
988 3055 1153 3123 Thucydide

52 3138 321 3208 rmeuuferonmr,
344 3158 409 3193 vera
428 3142 474 3194 vix
501 3142 593 3195 haberi
609 3160 690 3212 posse
714 3140 767 3193 sibi
784 3139 1000 3210 persuaderent,
1029 3146 1060 3191 ut
1074 3139 1152 3193 Hun-

52 3221 217 3291 mnusffl),
232 3220 393 3295 Gbller*†),
410 3242 442 3278 ac
453 3228 622 3295 potissimum
631 3222 862 3295 Lahmeyer**†),
885 3226 933 3295 qui
950 3224 1091 3277 admodum
1107 3242 1150 3276 ac-

18 3322 20 3377 {
55 3303 123 3353 Mla
143 3304 207 3360 hanc
231 3311 423 3379 quaestionem
448 3312 575 3364 tractavit
600 3318 683 3382 atque
700 3310 743 3366 rel
769 3317 884 3379 propter
908 3309 1015 3362 dubiam
1040 3309 1152 3361 testium

18 3398 20 3457 j
54 3372 181 3443 'dabone
194 3394 380 3447 narrationem
394 3396 548 3449 addubitari
566 3415 648 3467 porse
666 3398 809 3466 professus
826 3400 878 3446 est
907 3394 1043 3463 Equidem
1059 3410 1151 3463 quaru-

18 3468 20 3493 ”
52 3474 107 3529 lm
122 3489 203 3545 neque
223 3479 328 3532 Suidae
351 3498 440 3550 neque
458 3481 611 3535 Marcellini
633 3481 815 3534 narrationem
834 3496 951 3547 prorsus
973 3480 1076 3546 fictam,
1102 3479 1152 3531 sed

51 3560 74 3599 ²1
91 3557 276 3629 antiquioribus
303 3565 388 3644 certess
405 3566 527 3620 tontibus
554 3566 659 3619 duretam
682 3583 743 3619 esse
765 3563 828 3617 mihi
854 3563 1008 3633 persuadeo
1033 3562 1151 3633 indeque

48 3692 213 3723 ”h-—n—

18 3740 20 3759 Ι

18 3776 20 3881 i
84 3828 89 3837 ¹
130 3804 322 3864 DtHerodoti
338 3815 388 3864 vit.
409 3818 436 3865 at
454 3816 531 3866 itinn.
550 3832 575 3880 p.
594 3814 628 3866 28
645 3830 720 3881 seqq.

18 3920 20 3931 .
87 3914 92 3923 -
140 3872 379 3947 Ualeraucbungg.
399 3883 466 3933 iiber
484 3884 641 3934 daaLehen
659 3882 707 3933 des
719 3882 871 3946 Thucydid.
890 3899 916 3948 p.
935 3881 953 3932 a
970 3897 1027 3946 seq.
1041 3883 1072 3931 21
1091 3898 1149 3948 seq.

18 3960 20 3981 ¹
101 3988 106 3997 .
162 3942 196 3999 h
220 3955 430 4015 programmate,
459 3952 528 4016 quod
556 3950 621 4001 1833
646 3950 825 4002 Francoturti
850 3949 963 4016 prodiit:
992 3951 1052 4012 Quo
1078 3966 1149 4001 anno

125 4012 235 4067 mditi
252 4018 309 4068 sint
326 4034 362 4083 pa
384 4055 391 4068 .
409 4016 435 4069 9.

48 3988 257 4413 {Met
283 4101 310 4151 p.
330 4034 397 4136 ald·

79 4170 86 4181 -
153 4144 269 4217 1αιιιιη
286 4153 317 4203 of
332 4153 380 4205 ns
397 4153 537 4220 ranguage
557 4158 611 4205 ete·
629 4154 675 4205 IV·
694 4171 721 4219 r·
740 4152 789 4204 26⁷
808 4169 884 4220 seqq.

18 4014 20 4071 l

18 4136 20 4279 l
67 4170 76 4181 Ι
146 4210 354 4285 Νῆσολιὶσοὴο
372 4222 539 4272 Denkwiirdi
561 4222 608 4274 klr.
625 4239 653 4288 p.
673 4220 729 4274 178.

18 4282 20 4309 ¹
148 4280 181 4337 h
190 4282 258 4337 Vita
274 4288 397 4351 Thucyd.
415 4305 441 4353 p.
460 4239 561 4341 304}
578 4289 620 4340 ed.
638 4305 695 4341 sac.

18 4378 20 4381 ·
136 4342 206 4415 dlis
221 4351 311 4405 libelli
327 4355 487 4406 Plutarcbei
519 4357 565 4422 qui
582 4356 616 4408 de
634 4359 809 4425 malignitate
827 4356 962 4409 Herodoti
978 4355 1146 4420 inscribitur,

51 4398 130 4465 naq
140 4422 300 4474 ισιυιυιισ
313 4420 450 4490 (Gotting.
471 4392 551 4490 lira)
569 4440 595 4491 p.
616 4424 655 4475 ιι.
