2932 5124
377 406 582 470 URANIA.
606 408 695 469 VIII.
724 416 886 471 rio-us.

1142 414 1202 473 175

84 576 143 651 ἀλλ’
157 576 219 651 ini
235 583 394 670 χειμῶνος
414 582 658 669 διαλελυμένας.
687 575 853 650 Ἐνθαῦτα
872 580 909 649 δὲ
927 579 1137 670 κατεχόμενοι
1154 603 1202 650 σι-

84 691 129 751 τία
143 710 174 751 τε
190 684 276 751 πλέω
293 676 314 769 ἢ
333 677 400 750 κατ’
419 676 502 751 ὁδόν
526 679 725 771 ἐλάγχανον,
752 679 875 751 οὐδένα
900 708 937 751 τε
962 680 1087 771 κόσμον
1111 686 1202 772 ἐμπι-

84 783 236 873 πλάμενοι,
255 786 310 852 καλ
328 779 437 852 ὕδατα
453 781 731 872 μεταβάλλοντες,
749 779 965 871 ἀπέθνησκον
982 787 1043 853 τοῦ
1060 790 1202 875 στρατοῦ

84 889 134 954 rod
147 883 329 975 περιεόντος
347 891 472 955 πολλοί.
501 890 536 954 οί
552 885 589 954 δδ
606 886 715 954 λοιποὶ
733 881 800 974 ἅμα
816 887 922 975 Ξέρξη
940 881 1152 955 ἀπικνέονται
1171 890 1202 968 ἐς

84 985 200 1074 Iliadae.
225 984 318 1057 Ἔστι
338 987 375 1055 δὲ
393 988 448 1055 καί
465 983 562 1077 ἀλλος
580 982 640 1056 ὅδε
662 984 758 1075 λόγος
782 984 974 1075 λεγόμενος,
1000 982 1060 1075 ὥς,
1086 986 1269 1076 ἐπειδὴΙῙΘ

83 1090 185 1176 Ξέρξης
208 1084 409 1158 ἀπελαύνων
436 1090 468 1171 ἐξ
492 1084 663 1176 Ἀθηνέων
688 1084 823 1158 ἀπίκετο
851 1082 898 1156 ἐπ’
922 1083 1038 1159 Ἠιόνα
1062 1086 1124 1177 τὴν
1148 1092 1201 1160 ἐπὶ

83 1188 249 1279 Στρυμόνι,
283 1192 443 1260 ἐνθεῦτεν
466 1185 578 1259 οὐκέτι
603 1184 813 1280 ὁδοιπορίῃσι
837 1195 1005 1279 διεχρᾶτο,
1032 1186 1116 1260 ἀλλά
1141 1189 1203 1280 τὴν

82 1292 132 1378 μὲν
145 1288 299 1383 στρατιὴν
312 1285 464 1381 ’Ῥδάρνεί
482 1294 647 1381 ἐπιτρέπει
665 1286 806 1380 ἀπάγειν
826 1294 858 1372 ἐς
876 1288 934 1361 τάν
947 1286 1200 1382 Ἑλλήσποντον,

82 1388 163 1473 ιάτδς
180 1390 210 1462 δ’
229 1395 285 1462 ἐπὶ
302 1390 378 1473 νεός
396 1400 577 1480 Φοινίσσης
596 1389 728 1481 ἐπιβὰς,
754 1397 917 1482 ἐκομίζετο
942 1396 974 1474 ἐς
997 1392 1059 1483 τὴν
1072 1389 1200 1484 ᾌσίην.

82 1491 214 1564 πλόοντιι
231 1498 273 1564 δέ
288 1523 345 1583 μιν
362 1491 487 1583 ἄνεμον
504 1501 718 1585 Στρυμονίην
735 1489 920 1582 ὑπολαβεῖν
938 1494 1044 1584 μέγαν
1066 1498 1122 1565 καί
1144 1525 1202 1566 κν·

83 1658 185 1709 seribeua
202 1653 310 1710 οδδὲνα
328 1651 360 1709 δὲ
377 1655 492 1724 κόσμον.
528 1659 608 1708 Libri

16 1730 18 1767 ἓ
84 1726 161 1791 scripti
176 1742 228 1777 non
239 1728 388 1789 addicunt,
406 1742 457 1777 neo
475 1742 543 1777 sane
560 1742 607 1777 ne-

83 1795 209 1844 emerium
231 1795 345 1846 videtur
367 1786 527 1859 ἐλάγχανον
549 1810 607 1844 mu·

81 1866 128 1909 tare
143 1863 169 1911 iu
180 1854 359 1927 ἐλάμβανον,
378 1874 439 1912 cum
452 1854 608 1927 λαγχάνειν

82 1929 320 1993 essignificatione,
333 1945 386 1994 qua
396 1929 472 1981 valet
484 1932 606 1993 κατάρατ’,

16 2026 17 2031 ,
81 1994 133 2045 aliis
143 2014 240 2064 quoque
254 1999 328 2048 loeis
340 1999 494 2062 reperiatur
503 1998 535 2059 (l,
549 1997 605 2047 ter.

81 2062 134 2125 vn,
148 2064 186 2115 53.
206 2067 263 2128 144)
290 2081 351 2115 cum
369 2066 529 2115 accusativo
547 2066 606 2114 iun·

82 2137 150 2191 etum,
176 2136 298 2198 itemque
318 2125 535 2198 eistetensium
558 2133 605 2195 IV,

16 2252 18 2259 Ι
83 2198 361 2261 llb.v,57.v11.23.

106 2260 131 2316 οἶ
138 2262 166 2317 δὲ
175 2266 269 2320 λοιποὶ
280 2260 344 2334 οἶμα
353 2266 448 2335 Ξέρξη
456 2261 607 2319 ἀπικνέον-

81 2349 117 2383 ται
125 2329 274 2402 ίςΣάρδις]
288 2337 398 2387 Paucos
409 2353 423 2386 e
433 2352 533 2402 magno
542 2337 608 2386 Per-

16 2408 17 2411 ’
80 2415 153 2452 ειτηερ
161 2420 270 2455 numero
281 2406 310 2454 in
320 2404 415 2455 Asiam
425 2405 539 2456 rediisse
552 2404 607 2454 sal-

81 2483 118 2519 ros
125 2478 232 2523 testatur
242 2472 606 2539 quoqueAesehylusPerss.

81 2536 182 2590 λιδδθδ
194 2541 235 2590 ed.
248 2541 353 2590 Bloms.

225 2710 296 2761 Car.
316 2709 443 2760 CXVIII.

105 2804 176 2874 λόγος
186 2806 353 2878 λεγόμενος]
373 2811 418 2860 Ita
429 2810 605 2861 Florentinus

81 2878 196 2929 tenaliis
208 2881 304 2941 libris,
325 2894 392 2943 quoa
410 2894 469 2929 oum
487 2884 604 2928 reeentt.

81 2944 240 2998 eddseeutus
256 2962 328 2999 sum.
365 2947 513 3012 vulgatum
528 2940 605 3011 λεχό-

80 3024 147 3073 μενος
157 3011 235 3079 λόχος
248 3031 314 3066 eum
326 3013 478 3064 Sehasiero
491 3015 606 3064 retinuit

80 3077 203 3134 Iiattbiao.
240 3084 286 3132 De
299 3085 362 3147 ipsa
374 3081 520 3149 Iooutione,
534 3097 604 3147 quae

81 3147 219 3208 reditVIII,
235 3151 288 3200 119
303 3151 378 3211 init,
397 3149 471 3200 eonf.
487 3155 555 3199 nott.
570 3149 606 3199 ad

81 3213 115 3275 IV,
128 3215 162 3265 Ιλ.
196 3218 348 3268 Caeterum
360 3234 393 3267 ex
406 3218 455 3279 iis,
469 3233 540 3282 quae
553 3217 605 3268 hoe

80 3283 154 3346 eapite
165 3293 192 3334 et
203 3288 300 3352 eapite
317 3291 449 3350 sequente
461 3286 605 3351 proferun-

79 3352 284 3404 turusrrationes
293 3353 421 3403 diversae
432 3353 467 3402 ab
476 3353 521 3417 iis,
534 3367 605 3418 quae

79 3414 159 3469 Noster
177 3428 260 3472 antea
283 3426 465 3472 enarraverat
481 3435 605 3486 quaeque

79 3487 156 3546 procui
166 3488 245 3539 dubio
258 3490 322 3554 ipse
339 3488 375 3539 ad
387 3504 481 3538 verum
493 3490 605 3554 propius

80 3554 193 3606 resedere
205 3559 359 3607 arbitratus
372 3562 422 3618 est,
436 3558 505 3607 satis
517 3562 604 3622 patet,

80 3628 164 3681 uasta
174 3624 267 3675 Nostri
285 3640 353 3675 eura
365 3625 450 3675 fuerit
462 3630 605 3689 quantum·

79 3700 120 3748 que
129 3691 240 3741 studium
252 3694 284 3743 in
295 3708 331 3743 ea
342 3692 512 3757 inquirendi,
534 3707 605 3757 quae

79 3754 120 3831 tibi
130 3762 267 3824 proposita
278 3760 387 3821 babuit,
400 3760 470 3810 adeo
481 3761 604 3811 utailen-

80 3824 109 3871 tto
116 3840 228 3888 premere
239 3833 289 3877 aut
297 3829 518 3893 praetermittere
530 3828 605 3892 quid-

80 3902 145 3951 quam
152 3894 245 3957 nollet,
257 3895 330 3960 quod
339 3896 469 3945 traditum
481 3897 604 3961 accepts·

80 3964 124 4020 tet,
139 3976 169 4010 ne
181 3964 245 4027 quid
258 3964 378 4028 posterIs
390 3964 514 4024 deesset,
533 3963 604 4028 quod

80 4023 107 4072 sd
124 4043 174 4078 rem
191 4033 287 4081 faeere
306 4046 387 4095 posse
405 4031 553 4081 videretur.
571 4059 603 4068 -

79 4089 129 4143 tior
139 4111 228 4148 omnes
242 4100 302 4148 fere
312 4099 400 4161 codd,
415 4104 530 4164 excepto
543 4099 602 4149 eod.

79 4155 173 4235 Vtiles,
191 4156 220 4228 ἕξ
237 4157 405 4231 Ἀθηναίων.
421 4192 449 4202 -
465 4169 507 4217 De
521 4167 603 4216 Eione

78 4227 123 4276 ud.
137 4237 200 4282 nott.
220 4234 256 4284 ad
268 4234 333 4292 VII,
351 4234 393 4284 25.
406 4260 441 4269 -
457 4235 510 4284 Pro
527 4234 602 4298 vulg.

80 4289 229 4363 διεχρίετο,
247 4317 329 4367 quarn
346 4302 466 4351 Beklror.
487 4307 515 4352 et
532 4302 602 4351 Diu·

80 4358 135 4411 dori.
157 4369 338 4427 retinuerunt,
368 4369 443 4419 uolui
468 4370 601 4434 recipere,

659 1659 730 1725 quod
746 1660 774 1708 in
787 1659 925 1720 Medioeo,
944 1659 1119 1721 Florentino,
1138 1661 1202 1710 aliis

659 1727 760 1792 legitur
773 1725 935 1791 διεχρῆτο,
948 1727 997 1777 εοδ
1011 1743 1072 1776 oum
1084 1728 1200 1778 Bredov.

657 1811 685 1860 p.
710 1793 758 1844 381
790 1800 818 1844 et
841 1794 987 1844 Dietsehio
1011 1796 1121 1860 reposui
1145 1793 1201 1845 διε-

658 1860 754 1927 χρᾶτο,
769 1861 840 1927 quod
851 1876 934 1911 unum
942 1861 1128 1912 Herodoteum
1141 1878 1202 1912 esse

657 1930 810 1980 Bredovius
821 1930 928 1979 statuit.
965 1929 1016 1979 Cui
1035 1929 1123 1978 eidem
1136 1931 1202 1980 Bre-

658 1998 738 2048 dorio
745 2000 783 2063 (p.
793 1996 858 2060 145),
872 1998 958 2048 scribi
969 1998 1076 2047 iubenti
1087 1989 1201 2063 ἐπιτρά-

658 2057 1125 2199 ιιιοέααίαιαλκ
1139 2065 1202 2196 αι

891 2170 898 2195 δ
1084 2171 1090 2195 i

598 2204 606 2225 ⁸
659 2201 713 2251 vid.
726 2202 807 2265 nott.)
826 2207 854 2251 et
870 2202 951 2261 VIII,
969 2202 998 2253 3:
1018 2202 1115 2266 quibus
1131 2202 1202 2252 locis

657 2270 818 2319 Dietschius
830 2269 994 2319 Bredovium
1007 2271 1138 2335 sequitur.

694 2328 740 2387 ἐπὶ
752 2329 816 2394 νεὸς
829 2335 981 2402 Φοινίσσης
994 2328 1095 2401 ἐπιβάς
1124 2338 1202 2387 Infra

658 2405 732 2466 VIII,
749 2403 796 2453 120
808 2404 853 2453 fin.
868 2411 922 2453 est:
942 2396 1076 2469 ἐπιβῆναι
1105 2401 1137 2454 πλ
1149 2400 1202 2470 τὴν

658 2466 718 2523 νέα.
755 2471 830 2521 Alibi
841 2472 993 2535 genitivus,
1007 2473 1109 2522 omissa
1122 2488 1202 2537 prae·

657 2541 808 2605 positione,
829 2538 992 2588 adstruitur:
1016 2539 1050 2589 de
1073 2554 1125 2605 quo
1145 2539 1200 2590 vid.

659 2608 693 2657 ad
711 2607 813 2657 Herod.
832 2608 858 2669 I,
874 2603 909 2656 84
925 2612 993 2656 nott.
1006 2633 1040 2642 —
1056 2607 1099 2656 De
1117 2608 1201 2658 verbo

656 2674 826 2740 νομίζεσθαι
851 2675 923 2724 coni,
947 2674 1028 2735 VIII,
1055 2672 1113 2724 107.
1159 2675 1201 2724 Ad

657 2744 745 2809 ipsam
773 2743 959 2792 narrationem
987 2742 1082 2792 eouier
1103 2742 1200 2792 lustin.

656 2812 691 2872 II,
709 2809 747 2861 13.
760 2812 784 2872 ξ.
796 2810 813 2861 9
824 2825 882 2874 aeq.
905 2810 987 2876 „lpse
1000 2810 1127 2874 (Xerxes)
1140 2825 1201 2859 eum

656 2878 1201 3012 tttttdttttrtttti·,Ibit

657 3016 730 3065 tibus
742 3014 916 3076 offendisset,
930 3014 1084 3079 piscatorii
1095 3014 1202 3079 scaphia

655 3083 779 3147 trepidus
795 3082 916 3132 traieoit.
952 3082 1019 3133 Erat
1030 3097 1075 3132 res
1092 3086 1202 3147 speeta-

657 3150 719 3200 eulo
743 3150 828 3216 digna
851 3154 879 3199 et
900 3150 1096 3200 aestimatione
1119 3150 1201 3200 sortis

655 3218 803 3281 humanas,
817 3233 906 3268 rerum
917 3219 1055 3267 varietate
1066 3217 1198 3278 miranda,

657 3286 686 3335 in
703 3286 802 3352 exiguo
820 3286 952 3335 latentem
967 3285 1061 3335 videre
1079 3286 1201 3349 navigio,

657 3369 737 3417 quem
753 3353 836 3419 pardo
854 3357 919 3403 aute
937 3355 983 3403 vix
1001 3367 1104 3416 aequor
1121 3367 1201 3401 omna

657 3422 800 3488 capiebat,
814 3425 954 3471 carentem
965 3421 1049 3470 stiam
1059 3422 1132 3469 omui
1145 3435 1200 3469 ser·

656 3505 750 3539 rorum
771 3488 940 3550 minIsterio,
966 3489 1044 3538 ouius
1066 3486 1201 3537 exereitus

656 3562 769 3623 propter
784 3556 987 3606 multitudinem
1003 3557 1085 3613 terris
1102 3570 1202 3621 graves

656 3626 766 3675 erant.“
801 3624 935 3673 Iustinum
952 3624 1076 3689 sequitur
1087 3624 1201 3674 Orosius

654 3694 692 3755 11,
707 3692 747 3743 10.
777 3693 893 3742 Veriora
904 3692 1092 3743 Valckenario
1104 3692 1202 3742 viden-

655 3766 715 3823 tur,
739 3777 810 3826 quae
827 3760 944 3809 'Izstaes
959 3759 1031 3809 Chil.
1050 3758 1145 3824 1,9uo
1166 3760 1200 3809 de

656 3829 756 3879 Xerxis
768 3829 888 3878 traiectu
901 3834 1019 3878 enarrat

689 3890 819 3947 κλαίοντα
838 3891 870 3945 δ’
886 3910 937 3960 μιν
953 3885 1061 3960 ἄνεμον
1073 3893 1200 3961 Στρυμο-

655 3962 724 4028 νίην
746 3910 905 4028 teotardo
925 3956 1017 4029 μέγαν
1037 3960 1088 4014 καί
1109 3979 1199 4028 κυμα-

655 4030 732 4098 τίην]
745 4032 857 4081 Excidit
867 4033 966 4082 Noster
978 4048 992 4081 e
1005 4036 1143 4081 structura
1155 4032 1199 4082 vei

654 4102 747 4165 potius
765 4101 793 4149 in
811 4099 896 4150 aliam
916 4100 1028 4149 transiit
1047 4100 1200 4149 accusativi

655 4175 684 4218 et
696 4167 841 4227 infinitivi,
862 4167 945 4233 plane
958 4173 988 4216 ut
999 4168 1080 4228 VIII,
1097 4167 1153 4218 ΙΙΙ.
1167 4194 1199 4204 -

654 4236 697 4285 De
714 4236 800 4286 verbo
816 4226 975 4300 ἀπολαβεῖν
987 4236 1061 4287 eonf.
1073 4235 1153 4296 VIII,
1165 4236 1200 4284 84

654 4302 700 4353 fin.
713 4304 779 4361 VII,
795 4303 843 4352 170
855 4303 948 4367 ibique
961 4308 1029 4353 nott.
1043 4304 1117 4352 etde
1129 4318 1198 4352 voce

654 4370 794 4437 κυματίης
806 4376 874 4420 nott.
889 4371 925 4419 ad
939 4371 979 4431 II,
995 4369 1050 4420 ΙΙΙ.
1086 4368 1199 4437 δομαίο-
