2952 5156
213 382 273 441 104
648 365 913 427 HERODOTI

165 560 205 622 73
213 546 287 638 ἤδη.
334 546 445 617 Oisia
465 544 501 612 δὲ
519 539 580 631 τὴν
598 537 858 627 Πελοπόννησον
876 543 979 607 ἔθνεα
998 535 1094 606 ἑπτά·
1112 533 1240 605 τούτων
1259 536 1295 604 δέ
1312 531 1348 604 τά

212 651 273 739 μὲν
298 646 379 736 δυό,
401 641 592 735 αὐτόχθονα
616 640 727 729 ἐόντα,
756 637 838 710 κατά
861 636 973 728 χώρην
989 644 1124 729 ἵδρυται
1147 640 1212 707 νυν
1236 640 1278 726 τῇ
1291 638 1349 705 καὶ

211 749 249 822 τδ
267 748 368 819 πάλαι
386 758 515 834 οἴκεον,
531 742 688 834 Ἀρκάδες
706 770 741 813 τε
760 745 814 811 καὶ
834 739 1026 829 Κυνούριοι.
1070 744 1107 809 ἓν
1127 740 1164 809 δέ
1182 746 1298 827 έδνος,
1316 734 1350 808 τδ
1445 824 1447 837 Ι

383 980 449 1031 Can.
469 978 593 1029 LXXIII.

262 1077 360 1134 Οἰνὲει
390 1074 423 1132 δέ
455 1072 509 1146 τὴν
538 1069 761 1142 Πελοπόννησον

217 1147 308 1203 ἔθνεα
326 1140 407 1214 ἕπτά]
432 1148 558 1213 Respicit
575 1146 610 1197 sd
623 1146 693 1195 haee
706 1147 760 1194 Eu-

216 1219 298 1270 stath.
311 1218 345 1267 ad
355 1217 435 1268 Iliad.
446 1232 509 1282 pag.
520 1214 580 1278 289,
589 1214 606 1264 ll
616 1229 637 1263 s.
647 1212 705 1272 219.
717 1210 758 1262 43.

216 1290 249 1337 In
272 1286 395 1351 proximo
419 1300 495 1350 seqq.
520 1298 579 1332 cum
597 1281 758 1343 Schuesero,

215 1354 372 1419 Schweigh.
381 1357 408 1402 et
418 1368 491 1401 reec.
500 1351 559 1400 edd.
567 1349 667 1400 retinui
678 1345 759 1410 ἵδρυ-

214 1438 261 1472 ται
277 1420 332 1471 νῦν
348 1418 384 1485 τῇ
400 1415 462 1479 καὶ,
480 1419 529 1468 ubi
542 1418 631 1467 (laiss.
647 1432 758 1478 recepe-

215 1496 259 1540 rat
272 1487 311 1539 νῦ
317 1505 334 1539 ν
350 1502 384 1538 τε
403 1482 476 1547 καὶ,
489 1485 559 1550 quod
573 1485 638 1535 mihi
652 1483 759 1548 quidem

217 1556 354 1623 displicet.
384 1554 514 1605 Reiskins
528 1562 555 1603 et
568 1552 690 1602 Koenius
703 1566 759 1600 mo-

215 1625 325 1674 luerent
341 1616 395 1689 τὴν
417 1620 471 1672 νῦν
489 1635 532 1683 τε,
557 1619 760 1683 Weeselingius

216 1692 301 1753 (Dies.
321 1690 451 1741 Herodot.
469 1690 515 1739 xl.
536 1704 600 1754 pug.
619 1686 670 1735 200
692 1703 758 1751 seq„

215 1760 263 1809 ubi
281 1761 366 1809 etiam
388 1762 530 1823 comparat
545 1757 624 1818 VIII,
646 1752 704 1817 143)
727 1751 762 1819 τῇ

216 1826 271 1879 νῦν
283 1842 326 1890 τε,
344 1825 548 1876 Valckenarius
568 1821 684 1888 ἵδρυται
698 1819 760 1877 νῦν,

215 1891 269 1961 τὴν
286 1893 348 1957 καὶ,
376 1894 446 1959 quod
469 1899 496 1942 et
519 1893 607 1956 ipsum
625 1890 761 1955 displicet

217 1966 319 2013 Sensus
337 1962 392 2013 Ioci
410 1962 520 2010 minime
534 1958 645 2008 dubius:
664 1974 694 2007 eo
707 1961 761 2008 loco

215 2033 300 2081 sedem
323 2047 387 2079 nunc
408 2029 501 2079 labent
522 2043 543 2076 s.
561 2026 688 2083 habitunt,
714 2041 762 2090 ηαο

216 2100 273 2149 olim
291 2099 366 2146 ctiam
383 2094 538 2146 dubitabunt.
574 2095 611 2142 Et
628 2093 762 2141 haetenus

217 2164 370 2230 perfectum
389 2161 503 2226 ἵδρυται
521 2161 566 2211 vix
585 2161 697 2209 multum
710 2160 763 2209 dil·

218 2234 273 2283 fert
289 2249 305 2282 a
317 2231 457 2297 praesenti
471 2222 573 2291 οἰκέει,
593 2228 664 2293 quod
679 2227 763 2276 etiam

217 2301 301 2366 paulo
320 2298 435 2348 inferius
452 2313 513 2347 cum
533 2312 606 2346 rece.
626 2295 685 2345 edd.
705 2311 762 2345 ser·-

218 2369 337 2418 vandum
367 2367 446 2427 duxi,
477 2364 524 2413 ubi
553 2363 707 2428 Sehweigh.
735 2368 763 2412 et

219 2436 309 2485 Gaisl.
329 2434 463 2484 dederant
481 2429 567 2482 cluss.
581 2459 613 2468 -
630 2433 672 2481 De
690 2430 763 2480 locu-

219 2504 292 2553 tione
305 2494 378 2552 κατά
392 2497 487 2567 χώρην
499 2500 573 2550 conl.
583 2504 652 2549 nott.
667 2499 701 2548 sd
714 2499 761 2561 IV,

222 2570 268 2620 135
282 2575 309 2619 et
321 2570 376 2620 vid.
390 2569 464 2618 inlra
477 2569 553 2629 VIII,
565 2566 606 2616 78.
621 2565 676 2616 108.
695 2566 762 2617 lud.

218 2639 290 2688 Held
310 2638 344 2687 ad
362 2635 502 2687 Plutarch.
516 2634 614 2685 licinii.
629 2634 708 2683 Paul.
725 2632 762 2683 16.

218 2724 282 2772 pag*
301 2704 353 2754 200
376 2710 404 2754 ot
427 2705 533 2754 Alrrens
556 2704 597 2752 in:
627 2701 764 2765 Philolog.

219 2773 313 2839 suppl.
327 2774 348 2833 1,
359 2774 383 2825 ⁸2.
397 2789 462 2837 pag.
472 2771 532 2835 ⁴250,
546 2771 592 2836 qui
604 2774 697 2821 nostro
709 2785 764 2819 ser-

219 2857 298 2892 mone
312 2841 389 2890 reddi
404 2841 473 2890 vult:
499 2856 538 2888 σαι
556 2841 625 2888 alten
641 2841 764 2887 unverein·

219 2911 310 2958 derlen
327 2909 425 2957 Plutze.
462 2906 541 2967 Quod
558 2906 593 2955 ad
611 2906 666 2955 loci
685 2920 765 2970 argu·

219 2982 340 3025 mentum
354 2975 466 3034 attinet,
486 2975 542 3022 ium
556 2973 658 3023 Galeus
672 2972 764 3023 obser-

219 3047 313 3104 varet,
341 3058 391 3091 soe
419 3046 526 3090 tantum
556 3046 652 3104 gentes
676 3039 765 3089 videri

220 3122 372 3177 agnoscere
401 3109 562 3169 Homerum,
598 3109 765 3171 totidemque

220 3194 288 3228 sane
310 3192 453 3227 occurrere
478 3176 587 3225 notovit
607 3175 765 3225 Valckena-

219 3247 289 3307 rius,
306 3260 470 3310 quamquam
484 3259 553 3308 quae
566 3245 649 3308 poeta
663 3242 764 3305 attulit,

220 3329 255 3364 ea
273 3313 363 3362 adhue
382 3313 506 3377 indigere
526 3311 623 3361 critica
640 3311 767 3375 disquisi-

220 3382 295 3431 tione
308 3381 408 3430 dudum
422 3385 564 3429 monuerat
576 3379 675 3429 Strabo
688 3378 763 3427 VIII

220 3466 248 3515 p.
260 3446 309 3499 332
322 3464 344 3498 s.
358 3448 408 3499 513
421 3450 467 3510 A„
486 3447 532 3511 qui
551 3449 610 3513 ipse
623 3463 673 3497 sex
685 3461 764 3512 pree·

222 3517 302 3581 cipue
316 3515 498 3582 Peloponnesi
515 3515 663 3580 descripsit
676 3515 765 3580 regio·

221 3600 283 3634 nes:
313 3583 434 3642 Elidem,
468 3583 647 3643 Messenisrm,
678 3583 764 3631 Luco·

220 3653 326 3711 nicam,
341 3649 513 3716 Argolidcm‚
527 3650 667 3700 Achaeum
682 3655 764 3714 utque

220 3718 381 3779 Arcadiam,
401 3732 462 3767 cum
475 3716 537 3775 alii,
553 3718 587 3767 ad
601 3733 667 3782 quos
681 3719 766 3767 etiam

221 3788 368 3851 Scymnum
386 3786 482 3835 Chium
499 3801 539 3835 vs.
552 3785 602 3835 515
621 3801 676 3849 seq.
697 3786 766 3834 reie-

221 3870 267 3904 ras
279 3853 361 3915 licet,
379 3860 475 3917 septem
488 3854 641 3914 nominent3
661 3856 768 3919 quiaque

221 3922 286 3972 olim
301 3922 386 3971 luisse
398 3921 582 3986 Peloponnesi
595 3926 688 3986 partes
702 3921 767 3984 (Le-

222 3989 767 4054 conicum,llrcadism‚Argolidemlles·

221 4057 341 4119 soniam,
360 4056 478 4120 Eiidem)
497 4057 693 4121 eThuoydidis
706 4056 767 4106 Ioco

222 4127 258 4188 (Ι,
279 4123 322 4173 1οι
350 4123 444 4175 καίτοι
467 4117 689 4190 Πελοποννήσου
712 4122 768 4175 τάν

221 4186 306 4243 πέντε
323 4185 375 4250 τάς
396 4185 449 4243 δύο
464 4194 568 4259 μοίρας
581 4186 714 4258 νέμονται
728 4209 766 4247 sc.

222 4256 253 4311 ol
263 4255 500 4326 Λακεδαιμόνιοι)
518 4261 610 4327 plures
626 4262 680 4311 viri
694 4261 767 4311 docti

222 4328 406 4396 collegerunt,
432 4345 492 4380 cum
515 4329 630 4381 aliorum
650 4329 767 4380 virorum

811 957 844 991 ex
859 939 1000 990 sententia
1016 938 1064 995 (ef.
1079 938 1200 987 Curtius:
1221 935 1350 1001 Pelopon·

811 1025 860 1058 nes
884 1010 920 1058 11.
943 1023 1007 1073 pag.
1027 1005 1071 1068 03)
1092 1004 1270 1070 Thucydides
1289 1004 1315 1053 n.
1334 1005 1350 1054 l.

811 1092 866 1126 non
884 1076 918 1126 de
936 1080 1014 1126 certa
1035 1073 1152 1139 quadem
1169 1072 1353 1137 Peloponnesi

811 1144 996 1209 descriptione
1013 1146 1061 1192 aut
1073 1142 1206 1191 divIsione
1220 1142 1353 1205 loquetur,

812 1212 860 1261 sed
874 1212 901 1261 id
914 1216 1018 1261 tantum
1032 1214 1130 1275 ponat,
1149 1208 1354 1273 Peloponnesus
1449 1220 1451 1233 ¹

812 1281 841 1329 in
854 1280 972 1344 quinque
985 1283 1079 1344 partes
1092 1278 1116 1326 si
1128 1277 1275 1337 dividetur,
1289 1276 1355 1325 duas

810 1353 904 1397 tenere
926 1345 1171 1396 Lacedaemonios.
1205 1344 1241 1393 lit
1259 1359 1356 1394 revera

811 1415 876 1466 oiim
897 1415 1050 1475 exstitisse,
1075 1414 1121 1478 qui
1138 1411 1356 1477 Peloponnesum

812 1484 838 1533 in
853 1483 970 1547 quinque
989 1488 1082 1546 partes
1099 1480 1267 1541 dividerent,
1287 1480 1357 1529 sutis

811 1550 935 1600 indicare
949 1550 1056 1599 videtur
1066 1548 1223 1597 Pausaniae
1233 1546 1312 1596 iocus
1325 1547 1358 1596 ad

811 1616 1238 1683 ipsumThucydidemopinorre
1274 1615 1359 1663 icien-
1454 1628 1455 1633 ¹

811 1688 857 1745 tls,
872 1686 951 1735 initio
963 1686 1027 1735 libri
1041 1685 1140 1748 quinti:
1160 1673 1178 1733 δ’
1182 1697 1234 1733 σοι
1272 1674 1358 1732 έἙλ-
1455 1712 1456 1719 1

845 1748 852 1765 Ι

813 1755 926 1873 ipses
950 1746 1225 1816 Πελοποννήσου
1252 1744 1359 1801 πέντε

814 1838 827 1874 ε

832 1962 876 2009 εῖν
896 1973 933 2016 ως
954 1949 986 2008 έν
1009 1955 1045 2021 τῇ
1069 1953 1206 2018 Ἀρκαδων
1229 1948 1362 2004 elnensis

816 2028 916 2077 Ηλεῑοι
940 2020 990 2076 καλ
1011 2014 1157 2087 Ἀρκάδες,
1182 2016 1305 2084 δευτέρα
1331 2015 1361 2073 δὲ
1459 2044 1460 2049 =

812 2086 938 2161 Ἀχαιῶν,
963 2094 1038 2156 τρεῖς
1063 2087 1094 2142 δὲ
1120 2083 1167 2141 ἐπὶ
1190 2082 1311 2148 ταύταις
1331 2082 1364 2140 αἴ
1460 2148 1461 2151 ¹

815 2157 960 2226 Δωριέων·
986 2155 1054 2241 χένη
1073 2153 1105 2209 δὲ
1122 2153 1202 2235 elpes*
1214 2151 1362 2209 Πελοπόν-

815 2245 903 2296 νησον
915 2221 1045 2292 Ἀρκάδες
1056 2221 1109 2292 μέν
1120 2219 1301 2290 αυτάχδονες
1314 2221 1363 2276 καὶ

812 2289 928 2363 Ἀχαιοί·
948 2293 996 2346 καὶ
1010 2288 1102 2370 oipiv
1114 2286 1173 2345 ὑπὸ
1182 2288 1320 2371 Δωριέων
1333 2286 1363 2344 la

814 2365 865 2430 τῆς
877 2358 1016 2429 σφετέρας
1029 2360 1203 2428 ανέστησαν,
1216 2376 1251 2412 ου
1263 2356 1363 2428 μέντοι

815 2425 1039 2497 Πελοποννήσου
1049 2447 1080 2495 γε
1091 2423 1276 2509 ἐξεχώρησαν,
1288 2420 1363 2480 άλλά

815 2491 1091 2579 έκβαλάντὶεςῘΙωνας
1104 2514 1239 2564 νεμονται
1251 2490 1304 2548 τὸν
1317 2491 1364 2548 Αἰ·
1462 2538 1464 2543 ,

816 2562 917 2631 piatis
929 2584 960 2618 το
973 2569 1109 2633 αρχαῖον,
1123 2564 1177 2616 νῦν
1190 2558 1222 2616 δέ
1235 2560 1294 2615 άπὸ
1308 2566 1364 2615 τῶν

815 2634 929 2704 Ἀχαιῶν
945 2631 1054 2685 τούτων
1070 2626 1262 2696 καλούμενον·
1287 2628 1320 2684 οἱ
1332 2625 1364 2683 δὲ

814 2697 945 2769 Ἀρκάδες
963 2701 1144 2753 διατελοῦσιν
1162 2693 1191 2764 έξ
1208 2690 1301 2767 άρχῆς
1315 2701 1365 2751 καὶ

817 2766 846 2832 ἒς
858 2766 925 2823 τόδε
941 2764 994 2837 την
1012 2763 1124 2822 ἑαυτῶν
1137 2763 1263 2852 ἔχοντες·
1281 2762 1319 2820 τά
1332 2762 1365 2819 δέ

817 2833 903 2893 λοιπά
929 2831 1079 2905 ἐπηλύδων
1100 2829 1177 2888 ἐστιν
1197 2828 1365 2902 άνδράπων

817 2928 843 2961 κ.
867 2925 890 2960 τ.
912 2908 936 2958 λ.
985 2907 1125 2971 Adseripsi
1149 2906 1220 2956 haec
1243 2906 1364 2971 integra,

817 2993 888 3043 quae
918 2976 953 3026 ad
976 2974 1109 3025 Herodoti
1137 2989 1243 3039 quoque
1273 2973 1365 3024 locum

817 3050 944 3111 spectare
956 3044 1098 3104 videntur,
1115 3042 1144 3091 in
1156 3056 1209 3106 quo
1223 3057 1285 3091 oum
1297 3041 1365 3091 Vai-

817 3113 951 3165 ckenario
964 3115 1086 3161 statuere
1099 3114 1239 3175 praestat,
1254 3125 1311 3159 non
1323 3126 1365 3160 re-

814 3184 904 3248 giones
913 3179 1105 3245 Peloponnesi,
1118 3178 1166 3228 sed
1174 3184 1264 3242 pentes
1274 3175 1365 3227 diver·

817 3265 863 3299 sas
880 3247 1048 3312 significari,
1070 3261 1143 3307 cum,
1163 3261 1198 3294 ne
1222 3244 1281 3295 alia
1297 3244 1365 3295 alie-

817 3333 889 3379 ram,
907 3315 1057 3366 Dorienses
1075 3315 1121 3378 qui
1137 3312 1164 3361 h.
1182 3312 1201 3362 I.
1219 3318 1364 3372 vocantur,

816 3401 872 3434 una
890 3383 922 3433 de
941 3387 1046 3447 septem
1064 3381 1205 3445 gentibus,
1229 3385 1287 3431 tres
1305 3381 1366 3430 lere

816 3451 1001 3517 Peloponnesi
1011 3456 1105 3515 partes
1116 3453 1244 3499 tenerent
1253 3448 1366 3512 amplis-

817 3521 914 3570 simas:
926 3517 1093 3583 Argolidem,
1104 3517 1366 3577 Laconicam,lles·

817 3588 933 3647 soniam,
944 3585 1086 3635 veteribus
1097 3584 1195 3634 incolis
1206 3584 1306 3634 eiectis
1318 3588 1367 3632 aut

817 3656 847 3705 in
859 3655 1018 3705 servitutem
1033 3652 1163 3703 redactis.
1183 3651 1262 3702 Cous.
1275 3651 1309 3700 de
1321 3651 1367 3699 his

819 3721 1001 3786 Peloponnesi
1031 3720 1214 3771 divisionibus
1243 3718 1367 3769 Siebeiis

820 3791 848 3840 in
861 3789 1016 3839 Hellenice.
1030 3805 1056 3852 p.
1073 3787 1128 3836 170.

852 3848 983 3922 Ἀρκάδες
999 3870 1029 3906 τε
1044 3851 1092 3906 καλ
1105 3846 1278 3970 Κανοάριοιρ
1294 3855 1367 3904 Pau-

819 3926 900 3975 ssnie
917 3925 934 3975 l.
952 3925 971 3976 1.
989 3929 1101 3974 auctore
1119 3929 1217 3988 gentes
1230 3923 1268 3972 Po
1282 3937 1369 3987 opon-

819 4008 914 4043 nesuur
926 3993 1080 4043 incolentes
1093 3997 1155 4040 τιιοι
1169 3992 1288 4040 Arcades
1299 3991 1369 4039 tadi·

819 4077 899 4127 penae
917 4066 1000 4126 atque
1018 4060 1128 4114 Actaei.
1146 4060 1193 4122 qui
1210 4075 1227 4108 a
1244 4057 1368 4108 Doribus

819 4129 885 4179 sede
909 4144 959 4178 sus
988 4143 1047 4178 eum
1077 4126 1148 4191 pulsi
1173 4130 1279 4185 essent,
1310 4140 1369 4174 non

820 4197 925 4260 egressi
948 4195 1138 4260 Peloponneso
1167 4209 1228 4244 eum
1252 4193 1368 4244 Ionibus

820 4265 918 4314 eiectis
942 4279 1018 4315 oram
1046 4268 1172 4324 tenuere,
1204 4276 1275 4326 quae
1298 4259 1368 4310 olim

818 4331 951 4398 Aegialus
974 4331 1050 4381 dicta
1073 4345 1145 4380 nunc
1170 4329 1205 4381 ab
1228 4329 1272 4379 his
1295 4328 1369 4394 ipsis

852 1839 910 1873 ναι
935 1819 1061 1887 μοίρας
1089 1815 1148 1869 καὶ
1175 1809 1214 1870 ori
1237 1817 1360 1869 πλεΙο·
1457 1846 1458 1857 ι

813 1886 876 1948 νάς
894 1904 1015 1969 puoto,
1034 1879 1147 1967 ἀνάγκη
1165 1883 1242 1951 σφάς
1259 1877 1360 1965 ripple
1458 1944 1459 1949 Ἰ
