2826 5132
227 376 288 439 364
661 371 923 435 HERODOTI

225 542 371 634 Μυκάλῃ
389 543 564 636 μέλλοντος
582 551 718 616 ἔσεσθαι
735 544 914 636 τρώματος,
933 544 1026 636 φήμη
1041 541 1244 633 τοῖσιἛλλησι
1253 561 1320 613 τοῖσι

223 646 328 737 ταύτῃ
347 649 536 735 ἐσαπίκετο,
561 644 644 717 ὥστε
660 652 833 737 θαρσῆσαί
846 677 882 718 τε
899 646 960 738 την
978 646 1131 741 στρατιὴν
1147 650 1245 741 τολληί
1259 648 1320 735 μιλλ-

158 759 216 821 101
226 757 286 820 λον
303 751 359 819 καὶ
378 747 509 819 ἐθέλειν
531 748 783 841 προθυμότερον
807 750 1028 822 κινδυνεύειν.
1064 753 1127 821 Καὶ
1148 748 1217 820 τόδε
1233 752 1322 835 ἕτερον

224 849 388 922 συνέπεσε
409 849 606 941 γενόμενον,
630 850 806 944 Δήμητρος
823 852 961 944 τεμένεα
975 849 1170 942 Ἐλευσινίης
1187 846 1264 940 παρὰ
1277 846 1322 938 ἆμ-
1363 922 1364 929 ¹

223 956 366 1044 φοτὲρας
383 951 441 1036 τας
459 951 625 1044 συμβολὰς
644 954 738 1025 εἶναι.
758 953 894 1045 καὶγὰρ
914 953 955 1045 δὴ
974 960 1010 1026 ἐν
1028 959 1068 1045 τῇ
1086 958 1250 1026 nesrach
1264 946 1321 1040 παρ’

224 1052 306 1126 αὐτὰ
322 1053 359 1126 τό
378 1054 571 1147 Δημήτριον
594 1059 723 1144 ἐγένετο
748 1053 807 1147 (ὣς
831 1060 886 1127 καὶ
910 1056 1072 1147 πρότερόν
1094 1085 1148 1147 μοι
1169 1046 1323 1145 εἰρηται)η

222 1156 326 1247 μάχη,
349 1160 405 1227 καὶ
424 1161 460 1228 ἐν
478 1156 624 1248 Μυκάλη
644 1165 757 1248 ἔμελλε
775 1155 932 1241 ὡσαύτως
950 1167 1094 1231 ἔσεσθαι.
1129 1160 1281 1248 γεγονέναι
1296 1154 1324 1222 di

223 1266 321 1349 νίκην
338 1264 407 1330 τῶν
424 1257 505 1351 μετὰ
522 1269 724 1331 Παυσανίεω
738 1257 905 1350 Ἑλλήνων
921 1258 1033 1353 ὀρθῶς
1050 1283 1111 1351 σφι
1128 1256 1148 1350 ἡ
1165 1258 1249 1350 φήμη
1264 1278 1323 1327 συν

224 1364 335 1449 ἔβαινε
360 1364 522 1433 ἐλθοῦσα·
549 1360 586 1433 τό
608 1363 670 1453 μὲν
692 1361 755 1453 γὰρ
779 1367 816 1434 ἐν
833 1368 1020 1455 Πλαταιῇσι
1038 1369 1127 1453 πρωῒ
1142 1370 1187 1433 ἔτι
1202 1364 1253 1449 τῆς
1267 1353 1324 1448 ἡμέ-

222 1491 281 1553 ρης
307 1467 450 1553 ἐγίνετο,
477 1461 514 1535 τό
539 1466 576 1536 <ll
594 1468 631 1535 ἐν
648 1463 794 1557 Μυκάλη
812 1469 888 1558 περὶ
908 1473 1030 1555 δείλην.
1058 1461 1109 1536 ὅτι
1128 1466 1164 1535 dl
1179 1468 1232 1552 τῆς
1247 1458 1325 1547 αὐτῆς

221 1561 344 1657 ἡμέρης
370 1570 549 1655 συνέβαινε
574 1574 729 1656 γίνεσθαι
756 1567 858 1660 μηνός
884 1596 921 1639 τε
945 1572 1008 1639 τοῦ
1033 1564 1154 1656 αὐτοῦ,
1180 1557 1324 1657 χρόνῳυῖ

223 1781 275 1832 que
292 1768 479 1817 necessarium
491 1767 565 1818 hund
581 1768 703 1831 ridetur,
723 1770 764 1818 in·
816 1767 973 1835 δρομιοίνος
1002 1768 1103 1834 τρίτῃ
1122 1766 1243 1821 Platseis
1266 1758 1325 1812 siud
1392 1766 1393 1769 ’

222 1834 309 1900 deque
322 1836 457 1885 intactum
472 1835 571 1900 reliqui
589 1829 764 1899 συμπιπτού-
816 1844 898 1903 atque
915 1838 951 1887 ad
965 1837 1096 1901 Mycalen
1114 1837 1231 1887 Graecos
1249 1830 1325 1881 vicisse

222 1916 272 1967 σης
286 1902 320 1952 ab
333 1904 457 1953 omnibus
469 1903 551 1953 libris
568 1905 680 1970 scriptis
694 1904 764 1955 alla·
815 1910 923 1965 narrat,
942 1906 971 1954 in
989 1921 1022 1956 eo
1039 1910 1135 1955 temen
1151 1903 1204 1955 sihi
1219 1915 1267 1951 uon
1280 1911 1326 1948 eon·

222 1976 277 2019 tum
301 1976 329 2020 et
346 1971 381 2021 ad
400 1961 508 2037 ἡμέρης
524 1971 566 2021 ita
582 1973 762 2032 referendum,
816 1980 907 2035 stans,
926 1973 997 2039 quod
1015 1973 1112 2024 eodem
1128 1960 1231 2023 loco'm
1242 1962 1323 2040 Ciuili

220 2044 251 2087 ut
276 2038 409 2104 explicuit
432 2039 586 2106 Schweigh.
626 2041 668 2090 De
694 2055 763 2091 voce
817 2040 849 2091 19
867 2040 1325 2104 οοιοοιεωοτεῐΜεισρεΠοίοττιιιθθ

221 2104 330 2170 τρῶμα,
344 2122 397 2171 qna
409 2110 496 2157 clades
508 2107 694 2173 significatur,
707 2109 763 2158 vid.
815 2105 933 2161 Βοιωτοὶ
949 2103 1112 2175 Πάνεμον
1127 2105 1253 2163 καλοῦσι,
1269 2114 1322 2167 ‹1¹0ss

221 2178 288 2223 nott.
303 2173 338 2224 ad
351 2175 395 2235 vl,
405 2174 463 2225 132.
476 2174 602 2238 Vn,233.
615 2177 637 2238 1,
653 2174 762 2227 18114.
814 2180 964 2229 Panemum
988 2193 1049 2227 cum
1070 2176 1262 2228 Boddromione
1278 2182 1321 2218 eor

813 2247 909 2297 venite
933 2245 1022 2297 altero
1042 2246 1106 2297 loco
1127 2244 1259 2362 ρξοὶεττοε
1277 2240 1324 2288 erat.

426 2343 559 2397 osor.
813 2313 1328 2447 ltlzglhllzll‘rllgstltl

254 2440 330 2509 παρ’
352 2436 423 2498 eriri
446 2441 478 2498 τό
502 2439 678 2515 Δημήτριον]
703 2449 764 2502 Vid.
813 2450 923 2512 venire,
949 2454 1101 2515 praeeunte
1123 2447 1259 2500 Boeckhio
1275 2437 1329 2492 hund

220 2515 267 2575 lx,
282 2515 323 2564 57.
336 2513 377 2565 62.
402 2516 443 2566 De
461 2530 530 2567 voce
548 2514 689 2583 συμβολῆς
706 2517 763 2570 vid.
814 2519 897 2584 pauci
913 2522 1083 2577 statuerunt,
1103 2517 1242 2568 dubitante
1258 2523 1328 2576 qum·
1394 2518 1397 2577 j

219 2583 256 2632 IV
281 2582 329 2631 159
341 2583 434 2648 ibique
447 2589 515 2635 nott.
813 2588 855 2637 vis
874 2585 905 2635 Ο.
918 2587 964 2636 Fr.
981 2586 1144 2636 Hermanno
1161 2580 1272 2646 (Griech
1287 2576 1330 2626 lit

254 2641 350 2713 ὀρθῶς
362 2665 413 2715 σφι
430 2642 448 2716 ἡ
462 2645 543 2718 φήμη
556 2645 707 2715 συνέβαινε
720 2644 762 2704 dl.-
813 2653 969 2704 nstskunde
986 2669 1050 2719 pag.
1064 2653 1098 2702 72
1115 2652 1215 2718 seqq),
1237 2648 1277 2713 qui
1291 2644 1330 2694 ΡΙ·

221 2716 328 2784 dedeo]
343 2720 360 2767 i.
369 2734 392 2768 e.
406 2727 476 2769 recte
488 2723 520 2770 r'is
532 2722 624 2770 accidit
633 2723 705 2784 sorra
717 2723 762 2771 nd·
813 2737 921 2772 nemum
927 2737 1048 2772 mensem
1057 2736 1159 2772 nonum
1169 2717 1330 2786 posthmnsn

218 2789 320 2836 veniens
332 2802 354 2836 s.
368 2792 444 2836 recte
457 2787 492 2838 iis
504 2787 580 2837 tama
593 2790 776 2843 enunciavit,
814 2805 875 2839 esse
894 2789 1011 2855 indeque
1028 2791 1120 2855 magis
1138 2789 1173 2840 ad
1185 2779 1332 2837 Boidromil·

219 2854 260 2903 Ad
273 2869 348 2918 seqq.
359 2850 434 2915 πρωῒ
445 2853 496 2918 τῆς
507 2846 615 2920 ἡμέρης
626 2857 682 2906 rid.
693 2862 761 2907 nott.
813 2873 875 2908 nem
888 2856 1104 2923 (Septembrem)
1123 2855 1253 2907 accedere
1262 2851 1330 2916 putet
1394 2860 1395 2923 j

220 2921 255 2971 ud
273 2921 347 2983 VIII,
363 2919 381 2969 c
399 2926 428 2970 et
445 2922 482 2971 ct.
501 2922 538 2982 II,
555 2921 609 2972 173.
627 2924 689 2985 VII,
703 2924 762 2975 223.
813 2925 893 2975 Illam
917 2928 1084 2976 sententiam
1115 2927 1141 2976 si
1163 2922 1289 2988 sequimur
1306 2928 1331 2963 ιι
1394 2940 1395 2981 j

219 2984 285 3050 recol
298 2987 398 3053 δείλην
407 2988 538 3040 Larcher.
551 2989 654 3040 reddit:
667 2994 762 3056 λ’σμτὲι
813 2994 962 3044 Panemum
980 3009 1040 3044 cum
1057 2992 1271 3059 Metageitnioue
1284 2996 1332 3035 cot·

217 3058 284 3107 midi.
489 3113 498 3136 ‚
813 3077 911 3125 gruere
929 3062 1089 3125 statuimus,
1114 3063 1226 3128 quartus
1240 3057 1291 3106 dier
1308 3064 1331 3099 rr

253 3121 342 3189 μηνός
354 3139 384 3174 τε
396 3122 447 3174 τοῦ
459 3122 559 3190 αυτοῦ]
578 3125 702 3187 „Mensis
713 3127 761 3177 At·
813 3130 866 3180 fine
883 3130 998 3179 Panemi
1015 3130 1044 3181 iu
1060 3131 1128 3180 αλια
1140 3130 1270 3179 eicerem
1284 3135 1330 3169 tw

219 3193 268 3242 tici
281 3193 487 3243 Boddromionis
505 3193 551 3242 die
567 3194 664 3257 tertio,
689 3200 761 3247 teste
812 3198 1098 3262 tsmMetageitnionis
1108 3191 1332 3259 eadeteoqueipro

219 3261 367 3311 Plutarcho
385 3261 413 3311 in
431 3261 539 3312 Camill.
554 3258 616 3327 [19].
654 3279 697 3329 ag.
714 3263 761 3314 138
812 3265 858 3315 die
875 3281 994 3331 pugnam
1016 3271 1161 3331 utrumqne
1184 3260 1331 3314 commitem
1393 3300 1394 3321 q

219 3330 250 3380 Α.
268 3336 297 3380 et
308 3331 349 3381 De
363 3330 432 3396 glor.
445 3329 509 3380 Ath.
522 3329 614 3395 pagii
660 3332 760 3383 F.nec
813 3348 883 3395 esse,
902 3334 988 3398 igitur
998 3338 1061 3398 post
1072 3334 1193 3383 medium
1204 3330 1332 3393 Augustum

218 3399 372 3449 sibitamen
380 3402 525 3450 constante
535 3398 758 3467 ramesiensi.
812 3402 878 3451 anui
894 3400 945 3452 419
966 3416 988 3451 s.
1007 3401 1117 3467 Olymp.
1136 3399 1247 3458 LXXV,
1263 3396 1277 3444 '2
1291 3397 1334 3442 ⁸¹⁸·

218 3483 282 3532 pag.
295 3466 346 3517 339
357 3468 388 3516 F.
412 3465 523 3517 Aeliani
542 3467 569 3516 in
583 3473 661 3518 sexto
673 3468 760 3518 Thar-
810 3468 940 3519 tuendum
959 3470 1012 3519 erit
1033 3484 1094 3520 cum
1112 3466 1287 3519 Muensohero
1300 3460 1332 3507 Ile

219 3535 337 3597 gellonis
353 3535 398 3584 die
417 3551 492 3586 error
508 3535 572 3584 Var.
585 3535 657 3585 Hist
677 3536 713 3597 II,
726 3535 759 3585 25
811 3538 886 3587 rehh.
900 3537 1074 3588 Plataeenss.
1088 3553 1153 3603 pag.
1167 3534 1200 3585 59
1211 3548 1275 3596 seq,
1288 3526 1334 3577 ²15⁸
1392 3570 1393 3583 .

218 3600 317 3651 dudum
342 3604 495 3668 castigatus
519 3602 592 3652 εντ’*
632 3605 758 3654 Wesse·
811 3620 917 3670 quoque
935 3610 1099 3669 argumenta
1111 3604 1277 3671 proferente:
1293 3609 1333 3645 1100

218 3673 292 3732 λῐκρ.
323 3671 440 3736 Scripsit
457 3671 582 3720 nimirum
595 3671 759 3722 Plutarchus
809 3673 922 3723 multum
955 3673 1086 3724 recedere
1121 3673 1184 3722 iude
1218 3672 1333 3735 pntfflfl‘v

218 3738 247 3786 in
260 3737 434 3787 Vitrlristid.
449 3737 541 3800 lofin„
555 3754 674 3818 pugnam
688 3756 759 3789 com·
811 3741 880 3805 quod
899 3741 943 3791 die
956 3742 1071 3792 νὶοτεὶοιο
1088 3742 1195 3806 septimo
1206 3729 1333 3799 Metsgeil·
1391 3768 1392 3779 r

218 3804 327 3854 missam
350 3820 411 3855 esse
432 3803 467 3871 τῇ
483 3805 597 3870 τετραδι
618 3807 671 3856 τοῦ
687 3808 758 3874 Βοη-
809 3809 900 3859 nionls
912 3822 1032 3875 pugnam
1045 3810 1218 3860 commissam
1233 3814 1333 3855 asserir

219 3869 378 3935 δρομιοίνος
407 3866 561 3951 {eracleos
589 3867 656 3924 κατ’
679 3870 758 3940 Ἀθη-
809 3876 901 3928 luerat
910 3877 1076 3941 Boeckhlus‚
1089 3877 1206 3942 triginta
1216 3874 1272 3923 dies
1282 3864 1332 3918 huit

218 3938 330 4016 ναζους,
350 3955 423 4020 quw
441 3934 474 3991 dl
487 3935 627 3999 Βοιωτοὺς
643 3939 758 4006 τετράδι
808 3946 897 3995 mensi
917 3946 1053 4004 tribuens,
1079 3945 1125 4010 qui
1143 3949 1247 3994 tanturn
1263 3936 1333 3989 hebel

218 4022 269 4057 του
282 4005 418 4073 Πανεμου
430 4009 602 4072 φθίνοντος,
628 4010 757 4077 additque
809 4012 1000 4077 undetriginta
1016 4011 1086 4077 (vid.
1098 4012 1185 4063 Index
1198 4011 1283 4061 Lectt.
1292 4005 1335 4054 Be·

219 4075 314 4125 eodem
331 4075 376 4125 die
395 4075 482 4126 adhuc
496 4077 662 4128 Graecorum
678 4095 757 4142 syne·
809 4081 888 4133 rolin.
901 4088 971 4131 aest
987 4079 1062 4131 18111.
1074 4097 1100 4147 p.
1111 4081 1153 4143 4)3
1171 4083 1265 4145 postea
1275 4071 1333 4123 idem

218 4143 306 4193 drinm
318 4142 443 4194 Plutaeis
462 4146 608 4195 convenire
626 4161 660 4195 ae
677 4162 758 4197 sacra
809 4149 907 4199 statuit
927 4148 992 4213 (Zur
1009 4148 1108 4200 Gescla
1126 4148 1153 4198 d.
1170 4138 1334 4207 Mondeyeler

219 4212 291 4261 ierre
308 4212 367 4261 Iovi
380 4211 536 4262 Liberntori
553 4215 581 4263 in
600 4216 757 4265 memoriam
809 4232 872 4281 pag.
890 4215 933 4277 67)
957 4230 1077 4283 pugnam
1094 4216 1284 4266 Plataeeusem
1298 4204 1334 4281 vt!

217 4279 365 4340 victoriae3
385 4280 412 4329 in
425 4280 480 4330 Vit.
499 4280 607 4333 Camill
624 4281 654 4331 19
671 4287 699 4331 et
714 4284 760 4334 De
809 4283 914 4349 aliquot
937 4285 1035 4334 diebus
1065 4289 1129 4333 ente
1153 4272 1272 4343 τετράδα
1292 4287 1334 4323 m

178 4379 192 4406 .
219 4347 287 4412 glor.
301 4346 475 4399 Atheniense.
490 4341 758 4417 σεμῖμηνόςΒοη·
809 4345 946 4416 Πανέμου
956 4350 1116 4418 φθίνοντος
1126 4342 1334 4401 commiscenti-
