2900 5122
382 377 647 439 CALLIOPE.
671 381 761 439 VIII.
783 388 827 441 25.
846 388 890 441 λδ.
1142 384 1206 445 255

78 544 132 619 οόκ
147 543 285 637 ὑψηλῶν
301 552 356 618 καλ
374 545 501 620 ἀπέδου
518 557 651 640 χωρίον.
685 546 851 621 Ἐνθαότα
869 553 905 621 ἐν
922 554 965 641 τῇ
983 549 1109 637 διατάξι
1134 555 1251 640 eye-26

38 669 149 721 ιοονετο
164 649 272 739 λόγων
289 648 410 732 πολλός
428 647 575 741 τόθισμός
593 655 781 741 Τεγεητέων
798 680 835 722 τε
854 655 908 722 καὶ
918 648 1116 741 Ἀθηναίων.
1139 658 1203 724 ἐδι-

78 759 182 823 καίευν
197 750 262 842 γάρ
278 748 374 824 αὐτοὶ
400 750 547 844 ἑκάτεροι
571 760 659 843 ἔχειν
682 752 718 824 τό
742 757 855 843 ἕτερον
878 757 991 845 κέρας,
1027 757 1083 825 καὶ
1106 755 1205 827 καινά

77 856 124 923 κτλ
139 852 259 924 παλαιά
276 857 525 945 παραφέροντες
544 862 633 945 ἔργα.
664 860 762 926 τοῦτο
779 856 842 946 μὲν
858 860 894 926 oi
914 859 1072 944 Τεγεῆται
1089 864 1204 946 ἔλεγον

77 954 153 1025 τάδε·
182 951 294 1045 Ἡμεῖς
321 963 390 1026 αίεί
412 984 487 1026 κοτε
513 953 696 1047 άξιεόμεθα
721 956 842 1046 ταύτης
868 962 925 1046 τῆς
948 956 1055 1041 τάξιος
1079 962 1115 1029 ἐκ
1136 963 1205 1030 τῶν

77 1055 242 1147 συμμάχων
260 1053 429 1147 ἁπάντων,
447 1053 522 1128 όσαι
538 1056 604 1148 ἤδη
623 1063 729 1143 ἔξοδοι
746 1061 855 1130 κοιναὶ
871 1062 1023 1147 ἐγένοντο
1033 1069 1203 1132 Πελοπον-

77 1168 203 1245 ιαγοιλιισι
226 1162 283 1229 καὶ
305 1157 342 1230 τό
367 1157 507 1230 παλαιόν
530 1162 585 1230 καὶ
608 1158 646 1231 τό
668 1159 764 1248 νεόν,
793 1164 825 1244 ἐξ
850 1164 980 1232 ἐκείνου
1002 1165 1064 1231 τοῦ
1080 1161 1203 1251 χρόνον

78 1263 141 1330 ἐκεί
158 1255 424 1352 τε·Ἡρακλεῑδαι
448 1264 626 1350 ε’τιειροὶντο
648 1260 730 1351 μετά
753 1260 812 1332 τόν
834 1257 1032 1352 Εὐρυσθέος
1054 1262 1203 1335 θάνατον

77 1361 226 1443 κατιόντες
245 1367 279 1444 ἐς
297 1362 567 1451 Πελοπόννησον.
602 1361 676 1434 τότε
695 1359 863 1454 εὑρόμεθα
880 1368 976 1434 τοῦτο
996 1362 1051 1434 διά
1068 1368 1202 1456 πρῆγμα

77 1557 158 1629 ligitur
168 1569 260 1613 sutem
272 1563 351 1627 regio
362 1567 450 1627 plano,
463 1567 493 1611 ut
505 1563 526 1625 I,
542 1562 604 1611 110:
658 1562 717 1625 λιν;
738 1563 782 1624 VI,
796 1561 842 1612 98:
862 1559 922 1614 καλ
933 1560 1031 1627 πρῶτα
1048 1558 1107 1613 καλ
1120 1553 1202 1614 ὕστα·

76 1621 128 1744 zeli
138 1621 205 1695 άλλη
217 1625 342 1697 Μηδικὴ
359 1624 436 1696 χάρη
456 1621 514 1680 lert
527 1628 606 1681 πάσα
656 1647 707 1693 τας
734 1631 762 1691 Ι,
781 1629 826 1679 ill:
851 1631 971 1695 κομίσας
991 1628 1051 1680 καλ
1071 1624 1203 1697 χρήματα

97 1695 203 1756 νεδος,
221 1704 250 1747 et
268 1699 322 1760 IX,
340 1697 387 1747 102
403 1688 536 1756 άπεδος
554 1696 606 1764 γαλ-
657 1696 717 1749 καλ
733 1688 853 1761 ἄνδρας.
892 1699 963 1748 Add.
980 1699 1007 1759 I,
1027 1698 1060 1748 73
1082 1705 1111 1748 et
1129 1701 1202 1752 conl.

76 1778 122 1825 ρος.
142 1766 214 1826 Quae
228 1767 286 1816 iam
299 1765 442 1816 attulimus
455 1765 490 1816 ad
502 1767 548 1828 lV,
562 1766 605 1829 62,

75 1831 113 1880 nbi
124 1833 172 1883 vid.
185 1838 253 1883 nott.

657 1766 798 1831 Hertung:
816 1765 906 1816 Lehre
923 1783 950 1817 ν.
970 1767 995 1816 d.
1009 1766 1114 1816 Partik.
1135 1767 1156 1817 1.
1175 1784 1202 1832 p.

659 1833 707 1883 144
719 1848 776 1898 seq.

702 1890 865 1967 α’ξιεόμεθα
888 1897 993 1966 ταύτης
1022 1900 1072 1981 τῇς
1095 1894 1202 1977 τάξιος]

656 1969 723 2030 „Sic
743 1970 885 2034 Tegeatae
909 1976 1007 2035 postea
1028 1967 1201 2031 αξιονικοτε-

657 2034 707 2113 ροί
728 2052 741 2087 ε
778 2052 809 2088 εν
836 2027 994 2102 Ἀθηναίων
1017 2030 1126 2104 ταότην
1148 2032 1202 2103 τὴν

237 2002 306 2054 Cir.
327 2004 425 2054 XXVI.
743 2032 756 2086 l

656 2102 739 2167 ταξιν
750 2053 838 2170 &aasz
858 2110 886 2156 et
898 2105 1082 2156 Athenienses
1095 2122 1155 2171 cap.
1168 2106 1201 2155 27

100 2095 181 2167 λόγον
192 2098 297 2163 πολλὸς
306 2092 448 2169 ω’δισμὸςλ
463 2104 525 2154 Vid.
535 2109 604 2154 nott.

75 2169 247 2233 rdv11‚225;
266 2163 378 2236 μεγάλη
391 2165 541 2237 λογοτριβή
561 2189 606 2223 ex·

74 2236 177 2301 plicatur
192 2242 220 2289 in
234 2241 458 2305 Neograecorurn
470 2256 604 2302 sermone,

74 2312 98 2353 nt
106 2309 202 2371 profert
213 2306 460 2373 Theoeharopulos
477 2309 506 2358 in
518 2309 605 2359 Voca-

74 2371 147 2423 bnlsr.
158 2391 220 2440 psg.
232 2374 293 2427 233.
324 2375 404 2437 Quod
415 2374 480 2425 olim
493 2375 606 2440 legeba-

74 2444 109 2490 tur
118 2441 221 2493 muer
232 2444 263 2493 iu
275 2443 400 2494 Florent.
414 2458 520 2508 quoque
535 2442 606 2493 libro

75 2512 250 2575 conspicuum,
272 2510 375 2561 dudum
392 2511 511 2561 correxit
527 2511 605 2561 Wes-

73 2576 156 2641 seling.
169 2580 242 2629 Dies.
254 2579 359 2630 Herod.
369 2579 415 2629 xl.
428 2594 491 2644 pag.
500 2577 550 2629 205
563 2594 606 2629 re-

73 2658 161 2707 ponens
171 2640 290 2709 ιολλὸς,
305 2653 336 2696 nt
347 2647 429 2707 VIII,
443 2647 476 2696 73
489 2653 517 2697 ει
529 2652 604 2697 recte

74 2711 256 2778 interpretans:
274 2716 408 2765 vehemens
423 2715 555 2765 uerborum
567 2718 604 2764 al·

73 2784 172 2832 laena.
190 2783 231 2833 Ad
241 2782 358 2833 verbum
368 2773 517 2832 ίδικαίεον
529 2783 603 2832 conf.

74 2853 129 2922 nott
140 2851 173 2900 sd
183 2850 261 2909 VIll,
279 2848 329 2899 126
346 2856 374 2900 et
391 2851 427 2900 ad
441 2852 604 2916 pronomina

75 2919 142 2965 τοτοι
158 2916 214 2980 (nbi
232 2918 300 2969 olim
318 2917 389 2968 male
402 2907 522 2981 αάτέτον)
541 2908 604 2969 {uol-

74 2995 135 3045 τιροι
143 2985 240 3036 Hatth.
252 2987 301 3036 Gr.
312 2986 358 3035 Gr.
370 2988 394 3046 ἕ.
404 2984 455 3035 468
467 2986 512 3035 lin.
533 2985 604 3035 Con·

75 3048 150 3101 lerunt
159 3055 209 3117 111,
220 3054 270 3116 82,
286 3054 335 3103 ubi
347 3045 434 3112 αὐτὸς
446 3047 563 3112 ἕκαστος
576 3059 605 3103 et

75 3115 100 3175 V,
111 3118 138 3169 13
148 3111 219 3171 arisai
233 3116 351 3172 ἕκαστα.
370 3122 450 3183 Quod
461 3137 527 3171 vero
539 3120 604 3170 Val-

75 3183 139 3237 cken
148 3182 177 3239 τὸ
186 3183 286 3254 ἓτερον
295 3183 382 3254 κέρας
390 3205 440 3255 per
450 3188 604 3254 euphemia·

74 3256 197 3307 mendici
215 3263 298 3323 putat
316 3259 444 3307 sinistrum
456 3274 549 3319 cornu,
568 3256 603 3307 ob

75 3318 194 3374 Plutarch.
204 3325 262 3376 vit
272 3325 386 3375 Aristid.
399 3325 437 3384 12,
451 3325 498 3374 ubi
508 3324 541 3374 de
555 3340 603 3374 ea-

74 3385 122 3439 dem
136 3391 339 3459 disceptatione
363 3393 435 3443 inter
451 3391 602 3442 Athenien·

74 3461 291 3526 seset'Iegeatas
304 3461 431 3519 refertur,
445 3461 542 3510 merito
555 3460 602 3510 ob·

74 3520 174 3587 loquitur
184 3529 449 3594 Schweighaeuser,
468 3543 529 3578 cum
547 3521 602 3578 ἕτε-

74 3604 115 3652 ρον
133 3590 214 3659 τέρας
237 3595 401 3647 utrumlibet
429 3595 602 3660 intelligatur

74 3673 142 3711 urna
156 3664 213 3714 sive
230 3665 374 3715 sinistrum
391 3665 450 3715 sive
468 3663 601 3714 dextrum.

74 3726 105 3775 td
115 3732 259 3792 proximum
271 3730 357 3783 τοῦτο
369 3727 423 3797 μὲν
440 3747 494 3782 non
512 3732 601 3796 sequi·

74 3796 193 3850 λοιτοῦτο
206 3793 255 3861 δὲ,
273 3800 325 3850 sed
342 3800 401 3850 eius
418 3799 480 3850 loco
494 3815 555 3864 cap.
569 3799 601 3848 27

73 3860 138 3934 initio
149 3867 264 3932 legitur:
284 3860 316 3918 οἵ
323 3860 376 3933 μὲν
387 3865 477 3918 ταῦτα
491 3861 602 3931 ἔλεγον·

74 3929 198 3996 Αθηναῖοι
209 3928 248 3986 δὲ
261 3929 347 3998 πρὸς
364 3933 472 3985 ταῦτα
485 3926 603 3998 ὑπεκρί-

75 4009 145 4050 ναντο
160 3998 237 4054 τάδε.
251 4029 285 4039 -
303 4004 336 4053 In
353 4003 446 4053 vorbis
463 3998 522 4054 καὶ
539 4018 601 4052 και·

74 4058 103 4113 ’τ’
120 4069 174 4118 soi
195 4065 307 4121 παλαιοὶ
332 4086 420 4152 aequo
439 4077 521 4136 atque
539 4086 603 4121 mos

73 4131 121 4183 sul
137 4132 167 4186 τὸ
182 4132 310 4190 παλαιὸν
331 4153 391 4189 και
412 4130 444 4189 τό
462 4132 529 4189 νίον
545 4139 601 4190 vim

74 4204 192 4262 quandam
213 4222 276 4257 esse
301 4205 460 4272 duplicatae
482 4205 600 4257 voculae

73 4266 122 4318 ιαλ
140 4287 216 4325 nemo
233 4290 289 4325 non
305 4275 405 4336 sentit3
424 4274 465 4324 'sic
483 4275 536 4338 VI,
553 4272 599 4324 96:

200 4357 217 4391 ν
227 4332 397 4405 salonitani
414 4338 473 4392 καλ
485 4335 540 4408 τὴν
550 4333 600 4392 τό·

656 2160 693 2250 άρ
723 2163 758 2223 οό
777 2171 890 2225 δίκαιοί
903 2167 983 2238 είμεν
1001 2168 1077 2238 ἔχειν
1093 2166 1202 2238 ταύτην

656 2256 709 2306 την
727 2233 818 2303 τάξιν.
853 2241 927 2291 Hine
945 2243 974 2291 in
985 2241 1128 2292 Plutarchi
1145 2242 1201 2292 Vit.

656 2309 769 2358 Aristid.
788 2307 828 2359 12.
852 2324 888 2373 pa
909 2309 1027 2359 .323Α.
1055 2300 1201 2374 Ἀθηναῖοι

660 2368 816 2440 Τεγεάταις
838 2325 908 2439 usal
923 2370 1030 2438 τάξεως
1047 2368 1201 2440 ἐρίσαντες.

659 2445 707 2493 Lis
730 2449 789 2494 erat
810 2459 863 2493 non
886 2443 956 2493 adeo
972 2444 1006 2494 de
1023 2443 1096 2506 loco,
1122 2460 1201 2509 quern

658 2512 827 2572 obtinerent,
846 2510 894 2562 sed
906 2515 958 2560 otri
968 2527 1047 2562 cornu
1058 2516 1164 2561 alterum
1175 2514 1201 2560 in

656 2581 750 2630 nostem
762 2578 913 2629 ducer·ent.“
938 2580 1124 2644 Wcsseliny.
1147 2580 1201 2629 Pro

655 2639 887 2764 'vll'lrl‘⁰⁶2l¹¹¹“
899 2646 1000 2765 llll
1016 2639 1201 2765 wange-

657 2776 752 2845 ἔξοδοι
770 2753 892 2833 ότενίιεε
908 2730 1077 2858 diotunlqpro
1094 2774 1126 2833 dv
1137 2731 1201 2841 Ilei}

655 2853 767 2909 κοιναῖς
781 2842 901 2913 ἐξόδοις,
914 2864 978 2900 οσαι
991 2852 1091 2900 statuit
1102 2851 1200 2902 Matth.

657 2920 703 2969 Gr.
715 2920 760 2969 Gr.
772 2919 860 2979 §.diti
872 2920 905 2966 Ε.
920 2943 952 2953 -
964 2919 1018 2969 Pro
1031 2910 1062 2968 τὸ
1075 2913 1202 2969 παλαιόν

656 2986 708 3037 duo
723 2987 801 3037 codd.
814 2980 846 3036 τὸ
858 2978 957 3048 πάλαι,
970 2987 1055 3048 oliv,
1070 2986 1125 3037 180.
1139 2987 1200 3049 VII,

658 3053 714 3103 142.
728 3055 781 3116 lx,
794 3055 836 3104 72.
872 3053 926 3104 Sed
942 3050 976 3105 τὸ
987 3047 1112 3105 παλαιόν
1124 3056 1201 3106 iuve-

655 3122 730 3172 nitur
747 3137 854 3187 quoque
871 3122 936 3184 VII,
958 3121 1018 3185 129,
1037 3123 1119 3187 idque
1136 3123 1201 3173 huie

654 3188 716 3240 loeo
735 3206 767 3239 eo
785 3191 874 3255 magis
887 3196 996 3255 aptum,
1013 3191 1061 3240 nbi
1078 3192 1202 3255 sequitur

654 3249 687 3307 τό
710 3253 786 3308 νεόν.
823 3259 870 3308 Cr.
896 3257 973 3307 addit
996 3257 1140 3307 Heindorf.
1165 3258 1201 3308 ad

654 3325 763 3375 Platon.
775 3324 938 3389 Euthydem.
950 3325 974 3385 ἓ.
988 3323 1030 3374 λθ.
1042 3340 1105 3389 pag.
1119 3325 1177 3375 355.

694 3383 847 3456 ἐπειρῶντο
865 3419 897 3427 -
914 3383 1070 3457 κατιόντες]
1095 3392 1200 3442 Eadem

654 3465 792 3510 structura
808 3461 859 3520 lx,
875 3458 908 3509 33
927 3464 955 3508 et
970 3459 998 3518 1,
1013 3459 1060 3521 77,
1079 3460 1126 3509 ubi
1143 3460 1199 3510 vid.

654 3534 721 3579 nott.
752 3521 882 3578 κατιέναι
899 3527 932 3576 de
950 3527 1067 3587 lindisi,
1086 3528 1132 3591 qui
1150 3544 1200 3593 pa-

654 3597 708 3645 trit
724 3595 796 3661 pulsi
814 3596 843 3645 in
859 3595 979 3659 patriam
1000 3594 1130 3658 redeunt,
1154 3611 1201 3645 su-

655 3665 691 3713 tis
703 3669 809 3724 notnm3
830 3663 904 3713 σοιτί.
918 3663 972 3724 III,
986 3662 1028 3735 ⁴35.
1047 3663 1084 3726 V,
1097 3662 1145 3725 nt,
1164 3678 1198 3712 no

653 3731 743 3797 plura.
779 3731 820 3781 Ad
837 3731 950 3781 verbum
967 3721 1115 3795 εορόμεθα
1132 3732 1160 3793 (i.
1176 3747 1199 3781 e.

654 3802 754 3863 adepti,
767 3798 896 3850 consecuti
905 3800 998 3860 αιτιοι)
1013 3798 1068 3849 vid.
1081 3803 1149 3848 nott.
1164 3800 1199 3847 ad

655 3865 750 3928 1x‚u.
785 3868 829 3916 De
851 3865 1021 3925 Heraclidis,
1046 3867 1199 3932 Eurystheo

653 3935 728 3986 victo
755 3934 975 4000 Peloponnesum
1004 3934 1199 3985 invadentibus

653 4003 723 4052 duce
747 4002 845 4066 Hyllo,
877 4002 963 4052 tradit
989 4002 1127 4052 Diodorus
1150 4003 1198 4064 IV,

652 4070 698 4131 58,
719 4085 770 4134 quo
784 4075 897 4122 auctore
909 4070 1067 4120 Heraclidis
1080 4070 1200 4119 occurrit

652 4139 765 4200 Atreus,
796 4139 843 4203 qui
870 4142 933 4203 post
955 4137 1104 4202 Eurysthei
1129 4154 1199 4187 mor·

652 4210 708 4255 tem
720 4206 899 4269 Mycenarum
911 4221 1025 4271 regnum
1038 4213 1198 4270 occuparat,

651 4267 883 4340 προσλαβόμενος
896 4269 1062 4339 σομμάγοας
1077 4268 1199 4391 Τεγεά-

651 4356 728 4399 ταις
740 4340 794 4393 καί
799 4357 880 4401 τινας
889 4333 1005 4403 ἄλλους,
1020 4356 1092 4391 κατα
1104 4340 1122 4391 δ
1148 4355 1199 4392 τον
