2900 5122
407 396 670 460 CALLIOPE.
694 401 751 459 IX.
774 410 818 463 81.
839 411 883 464 82.
1155 408 1216 470 3311

94 572 165 633 λοισι
180 570 509 657 κατασκευασμένην,
529 573 682 640 κελεῦσαι
699 570 776 653 τούς
794 600 830 641 τε
847 569 1050 661 ἀρτοκόπους
1068 578 1123 643 καὶ
1141 573 1218 656 τούς

92 660 256 747 όψοποιοός
278 666 361 737 κατα
384 665 488 741 ταύτό
510 668 624 751 καθεδς
641 678 828 766 Μαρδονίῳ
853 680 991 744 δεῖπνον
1009 675 1217 764 παρασκευαί-

92 772 155 848 ζειν.
190 762 234 848 ὦς
258 769 296 838 δὲ
318 768 530 859 κελευόμενοι
552 761 644 841 οὗτοι
669 777 802 843 ἐποίευν
824 778 946 861 ταῦτα,
983 780 1133 846 ένθαδτα
1159 774 1218 847 τόν

91 875 291 957 Παυσανίην,
313 868 428 941 ἰδόντα
445 879 559 952 κλίνας
576 901 613 942 τε
629 878 770 964 χρυσέας
788 878 843 944 καὶ
859 872 1023 965 ἀργυρέας
1041 867 1080 946 εὖ
1098 883 1216 968 ἐστρω-

90 970 176 1054 μένας
198 972 253 1039 καλ
271 975 430 1059 τραπέζας
447 1000 483 1041 τε
500 975 640 1063 χρυσέας
662 978 718 1045 καὶ
741 971 905 1065 ἀργυρέας
928 980 983 1047 καλ
1001 977 1217 1068 παρασκευὴν

90 1074 327 1161 μεγαλοπρεπέα
343 1077 405 1143 τοῦ
422 1080 577 1163 δείπνου,
597 1078 800 1165 ἐκπλαγέντα
817 1075 857 1147 τὰ
874 1087 1075 1169 προκείμενα
1092 1076 1216 1169 ἆγαθδ,

90 1174 229 1241 κελεῦσαι
249 1174 302 1242 ἐπὶ
319 1176 436 1262 γέλωτι
454 1173 531 1256 τοδς
550 1178 679 1247 έωυτοό
697 1177 872 1266 διηκόνους
887 1180 1136 1270 παρασκευάσαι
1148 1192 1215 1252 Λα·

90 1270 220 1343 κυνικόν
245 1279 392 1346 δεῖπνον.
430 1272 474 1357 eie
499 1277 537 1346 di
554 1282 611 1365 τὴς
628 1286 748 1368 θοίνης
765 1289 960 1369 ποιηθείσης
978 1272 1021 1369 ἡν
1039 1280 1162 1353 πολλδν
1179 1281 1216 1352 τό

89 1374 193 1462 μέσον,
219 1372 279 1446 τόν
301 1385 501 1466 Παυσανίην
524 1376 710 1466 γελάσαντα
731 1384 1007 1471 μεταπέμψασθαι
1024 1387 1092 1453 τοῖν
1105 1378 1216 1471 Ἑλλή-

90 1501 147 1544 νων
174 1472 252 1556 τοδς
280 1477 501 1567 στρατηγούς·
537 1480 774 1552 συνελθόντων
804 1484 840 1552 δέ
869 1482 998 1555 τούτων
1026 1491 1133 1554 εἰπεῖν
1156 1482 1215 1554 τόν

89 1583 292 1666 Παυσανίην,
330 1578 508 1650 δεικνύντα
538 1584 571 1662 ές
596 1584 756 1672 ἑκατέρην
778 1588 839 1653 τοὺ
863 1590 1002 1654 δείπνου
1024 1583 1086 1673 τὴν
1110 1613 1214 1676 παρα·

88 1675 536 1771 σκευὴν·”ΑνδρεςἝλληνες,
555 1686 662 1753 ταῖνδε
680 1690 792 1754 εἵνεκα
810 1683 873 1773 ἐγώ
891 1681 994 1775 ὑμέας
1011 1684 1214 1776 συνήγαγον,

75 1777 278 1868 ’βουλόμενος
300 1776 382 1870 δμίν
398 1786 501 1852 τοῦδε
518 1787 580 1854 τοῦ
596 1782 729 1873 Μὴδων
751 1781 911 1875 ἡγεμόνος
934 1784 995 1875 τὴν
1018 1783 1215 1877 ἀφροσύνην

88 1968 196 2041 menda
222 1984 365 2044 utrumque
389 1980 422 2030 de
446 1989 575 2046 ομμαναοα
595 1996 617 2031 s.

87 2047 228 2106 supellectile
256 2048 292 2096 ad
316 2049 382 2096 vilae
410 2065 480 2098 saum
501 2064 618 2099 neeesse·

88 2112 122 2159 ria
131 2111 174 2161 hie
186 2113 242 2163 dIei
255 2115 324 2164 eatis
336 2119 421 2179 patei
453 2109 619 2179 παρείπετό·

88 2190 170 2241 οματα
181 2180 208 2243 (i.
223 2197 247 2232 e.
259 2182 370 2245 lapelee)
383 2198 454 2247 quae
466 2185 567 2234 Noster
578 2184 617 2233 di·

88 2246 132 2304 eii,
150 2247 217 2312 apud
233 2249 400 2312 Aeschylum
417 2251 445 2300 in
458 2252 617 2316 Agamemn.

87 2310 129 2360 88⁶2
151 2315 276 2365 dicuntur
298 2312 481 2382 πετοίοματας
509 2323 538 2368 tu
562 2319 617 2368 vid.

87 2379 158 2442 plura
173 2383 199 2431 in
214 2383 349 2434 Thesaur.
362 2385 441 2450 Ling.
456 2385 556 2436 Graec.
571 2387 617 2436 VI.

89 2461 110 2510 p.
122 2447 166 2498 352
178 2450 218 2499 ed.
231 2451 360 2501 Dindori.

116 2531 175 2574 τους
183 2532 212 2568 τε
224 2511 402 2581 α’ρτοκόπους
412 2515 461 2569 καλ
473 2511 539 2578 τοός
549 2512 618 2583 ὀψο·

90 2576 188 2661 τοιοὴς]
205 2587 304 2637 Athen.
321 2587 375 2636 1.1.
397 2588 513 2652 praebet
535 2578 616 2651 οἱρτο-

89 2664 187 2710 ποιοος,
206 2668 277 2717 quue
296 2654 368 2704 haud
385 2670 449 2704 rara
468 2659 511 2704 esi
523 2656 617 2704 coniu-

90 2718 136 2780 οἰος
162 2720 196 2769 cf.
219 2726 290 2771 nott.
321 2722 356 2771 ad
380 2723 407 2783 I,
432 2721 463 2771 51
495 2728 523 2772 ει
546 2722 616 2772 Lud.

90 2784 198 2836 Biddorf.
221 2788 257 2837 ad
273 2788 446 2855 Xenophont.
465 2789 617 2855 Cynopaed.

91 2850 197 2903 Prasiai.
220 2872 285 2921 pag.
300 2857 364 2906 XXI
382 2872 440 2922 seq.
463 2857 505 2906 ed.
527 2862 616 2922 quart.

91 2916 221 2985 Utrumque
240 2938 339 2973 nomen
360 2925 531 2988 frequentius
552 2940 616 2974 eon·

91 2985 308 3051 iungimonetrant
317 2991 406 3042 allata
415 2992 451 3041 ab
461 2993 616 3057 interpreti.

91 3051 169 3106 Ibem.
180 3058 306 3124 Megiste.
319 3074 382 3125 pag.
392 3058 440 3110 113
452 3075 528 3124 seqq.
542 3061 616 3124 ipsa·

93 3134 134 3184 que
145 3123 219 3174 docet
231 3140 286 3177 ree.
305 3153 336 3162 —-
353 3128 417 3177 Mox
431 3142 446 3176 e
459 3127 536 3176 codd.
552 3141 616 3176 eon-

93 3201 159 3239 sensu
173 3194 303 3243 revocavi
318 3188 430 3253 καθώς,
455 3195 534 3244 cuius
553 3192 616 3243 loco

93 3254 253 3323 Schaeierus,
272 3275 353 3325 quem
365 3261 464 3311 Matth.
483 3261 615 3325 sequitur,

94 3322 237 3377 exhibuerat
252 3323 316 3390 ueri,
341 3329 410 3393 quod
433 3334 508 3378 certe
525 3330 615 3393 magis

94 3388 174 3453 pheel,
193 3410 274 3460 quam
287 3396 358 3460 quod
372 3411 388 3445 a
400 3395 537 3445 Bredeuio
549 3412 575 3460 p.
582 3393 616 3445 93

93 3464 259 3525 praepositum
272 3470 302 3513 et
313 3463 462 3513 aDieiseh.
475 3469 615 3528 receptum

93 3525 156 3577 rideo
170 3522 242 3581 κατὰ
262 3530 297 3593 (1.
317 3546 341 3579 e.
360 3546 408 3596 pru
425 3521 498 3581 καθ’
511 3522 561 3592 δι’);
584 3534 616 3579 ut

93 3593 148 3643 enirn
156 3598 299 3657 concedas,
311 3613 405 3648 vocem
414 3591 523 3661 καθώς,
534 3613 615 3662 quam

93 3660 159 3711 eiiam
170 3664 222 3715 hoo
238 3665 301 3715 Ioco
318 3666 434 3729 praebet
446 3666 612 3727 Athenaeus,

92 3725 211 3783 herodoto
225 3748 287 3783 esse
301 3733 526 3794 abiudicandam,
545 3748 612 3782 nun·

91 3807 154 3857 quam
166 3799 265 3850 adduci
276 3815 393 3865 possum,
407 3804 438 3850 ui
447 3800 614 3850 Herodotum

91 3864 216 3928 scripsisse
247 3873 354 3933 putem:
384 3860 472 3917 κιττοὶ
501 3861 612 3918 cericei

91 3927 169 4005 aceri.
185 3934 353 3999 Dindorflus,
367 3936 413 3999 qui
426 3937 454 3984 in
466 3936 527 4001 ipso
537 3940 614 3987 textu

91 4004 205 4051 utorium
225 4001 340 4067 reliquii
354 3995 466 4064 καθώς,
489 4004 517 4052 iu
535 4002 613 4052 Com·

91 4074 187 4118 emtas
205 4070 238 4119 de
257 4069 368 4119 dialecb
388 4070 518 4120 Herodot.
539 4087 564 4135 p.
577 4070 614 4119 VI

90 4133 160 4184 scribi
176 4136 280 4188 maruli
292 4129 396 4198 κατεὶς,
415 4138 471 4187 nisi
487 4137 615 4203 probabi·

89 4194 132 4248 lius
151 4218 208 4253 eum
226 4204 379 4255 Sohaeiero
401 4205 538 4269 corrigere
555 4203 614 4255 καί.

88 4287 116 4301 -
129 4269 156 4318 In
167 4286 241 4337 seqq.
257 4272 290 4322 ad
304 4264 481 4337 ἐκπλαγέντα
495 4273 530 4322 ci.
544 4276 613 4321 noti.

26 4372 28 4447 ,
90 4334 117 4383 ad
128 4335 183 4401 VII,
198 4338 244 4389 181
263 4347 291 4389 et
305 4339 341 4391 ad
353 4340 497 4390 formulam
511 4330 556 4389 έπ1
570 4334 615 4405 γέ-

670 1983 736 2032 λωτι
749 1983 845 2033 Μοι11ι.
861 1984 907 2034 Gr.
922 1983 967 2033 Gr.
980 1986 1003 2045 5.
1017 1982 1075 2045 586,
1089 1999 1114 2050 γ.
1144 1985 1214 2035 Αδδ.

669 2051 772 2101 Herod.
785 2052 833 2129 VI,
845 2049 878 2099 67
891 2052 984 2116 ibique
996 2057 1065 2102 nott.

703 2109 741 2176 ὦς
758 2144 790 2152 -—
807 2134 844 2183 ην
861 2118 967 2168 πολλὸν
983 2110 1014 2169 τό
1032 2114 1128 2184 μέσον]
1150 2121 1168 2169 i.
1188 2135 1213 2170 e.

669 2202 722 2235 eum
733 2190 831 2236 mulium
850 2189 918 2235 iuler
929 2188 976 2236 boe
987 2191 1084 2251 epulum
1092 2194 1214 2252 paralum

669 2259 698 2303 et
710 2254 782 2303 inter
795 2253 911 2303 alterum
923 2257 1073 2312 interesset,·
1086 2254 1140 2304 vid.
1153 2255 1212 2318 VII,

671 2319 699 2369 ll
723 2321 815 2385 ibique
837 2326 905 2371 noti.
943 2323 1057 2385 Ampium
1080 2324 1213 2372 discrimen

668 2388 758 2437 reddit
770 2388 889 2439 Weesel.
903 2391 994 2438 citans
1006 2388 1108 2438 Herod.
1120 2389 1141 2447 1,
1156 2387 1213 2440 126.

668 2455 792 2519 Euelpid.
812 2454 916 2504 Alcaei.
934 2455 993 2504 1114.
1017 2456 1053 2504 1ο.
1071 2455 1212 2519 Chrysost.

669 2522 716 2571 Or.
741 2523 784 2571 De
805 2523 885 2571 Evan
906 2522 940 2573 el.
962 2522 1084 2571 Profeot.
1109 2523 1140 2571 Τ.
1162 2523 1212 2572 III.

669 2605 732 2654 pag.
746 2588 796 2639 302
809 2588 840 2638 G.
854 2538 916 2640 coil.
931 2589 1071 2639 Heliodor.
1085 2590 1214 2656 Aethicp.

668 2657 730 2707 vll.
748 2672 804 2722 pag
816 2655 866 2706 318
885 2652 959 2722 [cap.
976 2653 1018 2721 16]
1039 2661 1067 2705 et
1078 2657 1211 2707 Abreseh.

669 2725 758 2774 Lecti.
767 2724 946 2773 Aristaenelt.
959 2739 1022 2789 pag.
1030 2722 1089 2774 249.
1105 2749 1134 2758 —
1148 2726 1212 2774 Mox

668 2793 777 2841 restitui
787 2786 880 2841 εἰπεῖν
891 2807 940 2856 pro
953 2784 1043 2855 εἶπαι,
1057 2796 1087 2841 ut
1100 2792 1210 2857 capii.

667 2859 729 2909 Vid.
744 2862 811 2909 nott.
825 2858 860 2907 ad
873 2858 948 2915 VIII,
961 2857 1003 2908 65.

701 2924 788 2976 τοῦδε
799 2924 850 2975 τοῦ
862 2918 975 2990 Μήδαν
992 2917 1144 2992 ἡγεμόνος]
1166 2927 1211 2976 Ita

667 2993 730 3042 dedi
744 3009 804 3042 cum
811 2992 976 3057 Schweigh.,
991 2994 1078 3045 (iaici.
1092 3000 1120 3042 et
1133 2995 1210 3044 Wes-

668 3060 766 3125 eeIing.
789 3060 961 3125 (quidudum
983 3061 1023 3110 ilu
1045 3062 1165 3111 iusserat
1182 3063 1211 3110 in

667 3128 741 3177 Dias.
765 3127 897 3178 Heroden.
923 3129 988 3178 VIII
1010 3144 1033 3178 c.
1058 3128 1103 3177 fin.
1128 3144 1154 3193 p.
1176 3127 1210 3178 89

667 3194 772 3259 seqq),
799 3194 885 3245 libros
903 3196 1021 3259 scriptos
1041 3202 1165 3256 secutus,
1195 3212 1210 3244 e

667 3263 765 3326 quibus
782 3277 851 3312 unus
864 3261 1004 3311 Saneroiti
1022 3264 1108 3311 colea
1125 3262 1211 3311 habet

666 3323 774 3395 Μήδου
793 3321 933 3395 ἡγεμόνος
961 3334 989 3378 et
1009 3329 1110 3379 Aldina
1129 3327 1209 3392 βασι-

666 3396 733 3462 λῆος
749 3413 798 3462 pro
815 3388 963 3462 ἡγεμόνος.
988 3395 1066 3445 Unde
1079 3396 1210 3445 Schaeie-

649 3460 652 3465 ’
666 3480 725 3526 rus,
740 3480 818 3529 quem
830 3468 980 3527 sequuntur
989 3463 1086 3512 Matth.
1100 3462 1209 3512 etBek·

666 3533 739 3594 ker„
762 3531 878 3581 dederat
892 3528 941 3579 roei
952 3527 1073 3595 Μήδου,
1095 3530 1209 3580 vocibus

665 3597 751 3649 τοῦδε
781 3604 809 3647 ei
832 3591 970 3664 ἡγεμόνος
994 3613 1103 3663 prorsus
1128 3599 1209 3647 omis·

666 3668 717 3716 sie:
742 3666 867 3730 idemque
891 3665 1019 3715 iecerunt
1034 3665 1161 3715 Dindori.
1181 3672 1210 3714 at

664 3734 790 3783 Dietseh.
809 3734 943 3798 Equidem
956 3733 1082 3782 idoneam
1096 3746 1209 3782 causam

664 3801 738 3852 haud
750 3802 896 3866 perspicio,
911 3815 959 3849 cur
972 3815 988 3849 a
1001 3799 1128 3849 librorum
1142 3801 1210 3849 seri·

664 3874 771 3933 piorum
784 3882 918 3917 consensu
931 3867 1071 3925 recedam,
1090 3867 1209 3932 indeque

664 3936 807 4001 vulgatam
820 3936 932 3997 retinui,
952 3949 1032 3999 quum
1045 3936 1086 3984 sic
1099 3949 1209 3999 expres-

666 4004 703 4053 sit
731 4004 907 4053 Athenaeus:
943 3999 1105 4068 συνὴγαγον
1133 3996 1209 4066 ἡμᾶς

665 4065 838 4135 βουλόμενος
850 4061 992 4131 ἐπιδείξαι
1004 4068 1064 4119 τοῦ
1077 4068 1113 4118 M
1115 4085 1132 4134 η
1141 4067 1209 4118 δαν

666 4128 839 4203 ἡγεμόνος
856 4130 909 4202 τὴν
926 4129 1096 4201 οἷφροοτίνην
1113 4152 1138 4186 ιι.
1149 4151 1172 4185 τ.
1184 4134 1208 4186 λ.

665 4207 697 4255 In
704 4205 868 4255 Herodoteis
881 4206 972 4255 verbis
985 4220 1033 4269 pro
1045 4204 1118 4268 vulg.
1134 4202 1207 4252 del·

666 4270 713 4335 ξαι
726 4274 824 4338 scripsi
837 4270 855 4322 d
862 4266 938 4334 έξαι,
952 4277 982 4320 ιιι
996 4272 1067 4333 VIII,
1084 4270 1139 4331 131,
1161 4269 1207 4317 uhi

665 4340 802 4391 vidnoti.

941 4423 1006 4486 22*
