2866 5134
374 377 432 436 Du
454 377 559 437 VITA
580 377 638 435 ΕΤ
661 375 851 436 SORIPTIS
869 375 1105 437 HERODOTL
1246 369 1306 441 445

170 539 253 613 ἐρέων
270 540 307 608 ὡς
321 538 411 608 οὔτως
430 538 449 617 ἢ
469 540 557 609 ἄλλως
572 566 629 609 aar
647 549 736 601 ταῦτα
757 541 878 615 ἐγένετο·
903 541 952 601 cdv
968 542 997 601 di
1015 544 1079 601 οἶδα
1094 541 1179 611 αὐτὸς
1197 550 1307 617 πρῶτον

169 624 334 700 ὑπάρξαντα
349 625 455 686 ἀδίκων
472 630 559 701 ἔργων
579 626 605 694 ἐς
623 627 690 695 τοὺς
701 624 847 702 Ἕλληνας,
868 633 967 687 τοῦτον
989 620 1114 702 σημήνας
1133 629 1306 706 προβήσομαι

169 711 242 777 dead
257 711 351 785 πρόσω
367 719 416 772 τοῦ
435 711 534 787 λόγου,
555 711 656 787 ὁμοίως
676 711 762 791 μικροὶ
782 715 830 769 sul
851 712 956 786 μεγάλα
976 712 1062 772 ἄστεα
1081 712 1273 789 dedecimus}
1295 750 1307 758 -

170 789 269 866 εξιιδν·
291 796 327 856 coi
343 797 395 871 μὰρ
417 797 448 857 td
462 797 548 856 πάλαι
564 798 670 872 μεγάλα
684 792 734 872 ἦν,
755 796 789 855 τὰ
804 797 891 856 πολλὰ
906 797 999 856 αὐτῶν
1019 798 1120 873 σμικρὰ
1138 803 1247 873 γέγονε·
1272 798 1307 858 roi

169 883 200 939 di
214 880 259 940 ἐπ’
275 882 340 956 ἐμοῦ
351 878 388 957 ἦν
399 882 516 956 μεγάλα,
535 882 669 957 πρότερον
687 878 724 958 ἦν
738 881 853 957 σμιαρά’
876 883 928 957 την
942 880 1128 958 ἀνθρωπηίην
1143 878 1183 943 ὢν
1197 884 1308 944 tutata·
1338 894 1341 899 '

168 989 252 1040 μενος
270 965 451 1043 εὐδαιμονίην
471 966 585 1055 οὐδαμοὶ
602 967 632 1027 ἐν
649 967 745 1046 τιίντῷ
763 970 915 1041 μένουσαν,
940 968 1123 1044 ἐπιμνήσομαι
1144 968 1307 1044 ἀμφοτέρων

166 1049 281 1126 ὁμοίως.

253 1141 355 1196 Reiicit
370 1143 472 1212 igitur,
495 1159 566 1212 quae
581 1143 615 1196 de
630 1143 769 1212 prioribus
788 1143 957 1213 temporibus
978 1144 1079 1197 sabulis
1094 1142 1219 1196 involuta
1236 1146 1307 1197 lere-

168 1226 271 1280 bantur
292 1234 320 1280 et
335 1244 352 1280 a
366 1227 543 1297 logographis
563 1228 757 1295 tradebantur3
780 1228 875 1281 maluit
890 1236 965 1281 certa
986 1230 1087 1282 sectari
1101 1229 1220 1299 indeque
1239 1247 1306 1282 snae

169 1311 301 1365 historiae
317 1311 424 1365 initium
438 1313 567 1366 daoerea
584 1313 705 1382 Croeso,
728 1313 763 1366 de
781 1331 836 1383 quo
858 1314 943 1382 primo
965 1315 1081 1367 certiora
1102 1314 1156 1384 ipsi
1178 1315 1306 1367 innotue-

169 1404 248 1463 rant,
269 1397 398 1465 Lydium,
431 1398 479 1453 uhi
498 1397 559 1450 olim
573 1397 619 1451 ille
637 1407 783 1467 regnarat,
803 1398 994 1468 perlustranti.
1039 1400 1110 1451 Hinc
1132 1399 1221 1451 statim
1243 1408 1307 1469 post

167 1482 330 1535 mentionem
351 1482 483 1550 rixarum,
505 1499 578 1552 quae
590 1482 664 1536 inter
682 1484 805 1537 Graecos
820 1484 1004 1550 barbarossa,
1027 1484 1127 1554 quibus
1143 1484 1306 1537 enarrandis

167 1582 249 1619 suum
264 1584 335 1637 opus
352 1566 505 1620 destinarat
514 1568 557 1634 *)‚
582 1568 643 1620 olim
659 1575 770 1622 exortae
791 1569 818 1620 in
834 1569 910 1621 Darii
925 1576 953 1621 et
968 1568 1067 1620 Xerxis
1085 1568 1306 1637 expeditionibus

168 1651 249 1720 quasi
273 1651 407 1722 repetitae
424 1652 558 1722 finemque
581 1660 725 1706 assecutae
743 1653 904 1723 rideantur,
927 1654 1057 1706 narrandi
1079 1653 1185 1705 initium
1208 1653 1306 1705 facita

167 1736 276 1789 Croeso
297 1737 392 1806 Lydo3
414 1737 558 1806 quoniam,
583 1737 652 1804 nisi,
677 1754 747 1807 quae
771 1738 850 1791 bellis
870 1738 971 1791 Persas
991 1739 1065 1791 inter
1084 1750 1167 1807 atque
1183 1739 1305 1790 Graecos

166 1820 257 1889 gestis
275 1822 397 1891 proxime
415 1822 631 1890 antecesserint,
652 1831 780 1877 accurate
795 1823 939 1891 cognoris,
958 1823 1023 1875 haee
1038 1824 1098 1893 ipsa
1114 1822 1184 1875 bella
1199 1840 1305 1877 eorum-

165 1922 223 1975 que
238 1906 360 1960 rationes
374 1915 403 1959 et
416 1923 515 1960 causas
527 1908 577 1960 aix
593 1908 646 1961 rite
663 1907 832 1961 intellexeris
843 1905 900 1976 **).

252 1991 551 2062 PerCroesumsponle
566 1992 727 2046 devenimus
744 1992 846 2047 medias
861 1993 888 2044 in
899 1992 1039 2060 Lydorum
1054 2010 1108 2060 res,
1125 1992 1306 2062 quasNoster

164 2077 217 2127 hac
234 2076 378 2129 occasione
395 2076 494 2144 oblata,
511 2095 591 2148 quam
605 2079 685 2131 etiam
703 2079 732 2131 in
750 2078 813 2132 aliis
833 2094 971 2148 nunquam
988 2077 1207 2147 praetermittere
1223 2077 1303 2141 solet,

158 2169 199 2215 at
219 2161 326 2213 scilicet
345 2178 527 2231 quaecunque
545 2163 578 2215 de
598 2163 691 2233 aliqua
710 2172 785 2217 terra
808 2163 924 2231 eiusque
940 2162 1037 2215 incolis
1056 2178 1201 2231 rerumque
1217 2162 1305 2230 gestis

163 2253 306 2315 comperta
322 2246 428 2315 haheat,
446 2247 474 2298 in
490 2247 606 2300 mediam
621 2250 753 2320 proferat,
771 2248 928 2301 accuratius
945 2255 973 2300 et
984 2247 1145 2316 diligentius
1161 2247 1305 2317 persequi-

162 2341 226 2398 tur;
252 2331 393 2398 Lydorum
418 2349 485 2384 vero
510 2349 626 2400 regnum
650 2350 740 2386 cuma
761 2334 856 2386 Persis
881 2332 950 2386 duce
965 2333 1040 2399 Cyro
1070 2349 1195 2385 eversum
1220 2340 1304 2398 esset,

163 2414 248 2486 paulo
265 2423 329 2468 ante
349 2433 430 2486 quarn
445 2416 561 2469 Graecis
578 2418 677 2471 bellum
692 2424 769 2471 esset
783 2417 903 2484 illatum,
920 2418 1008 2470 oratio
1023 2417 1094 2469 redit
1110 2417 1144 2469 ad
1159 2416 1262 2485 Cyrum
1278 2423 1306 2468 et

164 2499 272 2553 Persici
292 2502 371 2569 regni
385 2501 480 2569 initia,
503 2518 574 2572 quae
589 2502 732 2557 Medorum
747 2518 859 2573 quoque
873 2502 1027 2571 imperinm,
1053 2502 1126 2554 unde
1142 2501 1209 2553 illud
1226 2519 1304 2553 exor-

168 2601 225 2638 sum
237 2593 312 2651 erat,
330 2587 558 2656 complectuntur.
584 2587 616 2640 In
631 2588 725 2641 Persis
737 2598 827 2641 autem
842 2604 991 2656 eorumque
1004 2586 1086 2641 rebus
1102 2587 1190 2655 gestis
1203 2585 1255 2638 iam
1268 2586 1306 2637 ita

232 2818 258 2882 ')
277 2820 338 2869 Vid.
356 2820 434 2871 modo
452 2822 543 2886 operis
560 2822 740 2887 prooemium:
759 2811 919 2884 Ἡροδότου
934 2812 1160 2898 Ἁλικαρνησσέος
1177 2812 1305 2885 ίστσρίης

162 2876 303 2948 α’ττόδεξις
314 2876 381 2954 ἥδε·
405 2878 444 2946 ὥς
460 2883 530 2955 μήτε
546 2881 582 2938 τοὶ
600 2885 742 2953 γενόμενα
760 2880 788 2950 ἐξ
801 2879 965 2953 α’νθροίντιον
977 2887 1014 2951 τῷ
1028 2902 1119 2953 χρονῳ
1132 2879 1247 2952 ἐξίτηλα
1260 2883 1303 2951 μέ-

162 2970 264 3019 νηται,
282 2953 354 3021 μήτε
371 2949 440 3019 ἔργα
459 2952 569 3021 μεγάλα
587 2971 616 3007 τε
632 2953 681 3006 καί
699 2950 856 3021 θαυμαστοὶ
869 2950 904 3005 τοί
917 2944 1090 3021 μὲνἘλλησι
1101 2948 1138 3005 coi
1151 2949 1183 3005 dl
1196 2949 1304 3021 βαρβά-

180 3037 238 3073 σισι
256 3012 459 3087 ἆποδεχθέντα
476 3013 567 3074 oisiaci
587 3019 717 3090 γένηται,
741 3020 783 3074 τα’
806 3039 839 3074 τε
863 3018 964 3087 ἄλλα,
988 3021 1050 3073 καὶ
1074 3013 1119 3073 δι’
1143 3010 1185 3088 ἣν
1205 3017 1304 3089 αἰτίην

161 3039 388 3157 derelinquas
399 3081 585 3156 ἀλλήλοισι
608 3093 675 3156 (ubi,
689 3093 760 3209 quod
773 3093 825 3143 hoe
838 3092 899 3143 loco
913 3092 1013 3141 addere
1026 3090 1133 3171 plpcet,
1152 3091 1221 3155 Aug.
1234 3091 1306 3140 Mat-

707 3176 767 3209 .nr.
784 3158 840 3210 lua.
855 3177 880 3225 p.
895 3152 944 3209 380
960 3154 997 3208 ια’
1008 3173 1039 3209 τε
1051 3158 1123 3209 aiios
1140 3159 1218 3208 reddi
1229 3158 1303 3208 vnlt:

161 3159 241 3209 thiae
255 3160 283 3207 iu
296 3159 487 3223 Ephemeridd.
501 3160 624 3210 lenones.
640 3160 686 3209 182

161 3243 238 3292 quanm
255 3228 365 3291 reliqua,
385 3228 512 3291 quoniam
531 3227 559 3276 in
578 3228 807 3278 antecedentibus
824 3242 907 3277 sensu
924 3226 1032 3291 quidem
1051 3227 1227 3277 contineatur
1243 3241 1303 3276 ver-

161 3296 228 3343 bam
242 3291 417 3359 διηγεῖσθαι.
448 3295 501 3344 Sed
514 3296 555 3344 ita
568 3296 623 3345 iam
634 3295 878 3359 Wyttenbaehius,
893 3310 973 3359 quem
987 3294 1140 3357 attulimus,
1160 3293 1249 3343 locum
1262 3295 1303 3342 in·

160 3361 312 3412 tellexerat
323 3363 352 3411 in
365 3362 478 3412 Selectt.
492 3362 632 3416 historice.
644 3381 669 3429 p.
683 3362 741 3413 338.
770 3362 861 3412 Aliter
876 3362 947 3412 haee
966 3360 1105 3428 explicare
1117 3360 1198 3412 rideo
1211 3362 1303 3411 Oster-

160 3445 256 3479 maun.
270 3430 311 3487 lin
323 3429 439 3479 Jahrhb.
454 3430 473 3482 f.
487 3430 596 3481 Philolo
617 3466 623 3478 .
639 3429 831 3481 Votaxxvn
845 3428 957 3495 pollii),
976 3430 1022 3495 qui
1040 3429 1132 3479 verbis
1147 3420 1303 3491 Ἡροδότου

158 3488 390 3562 Ἁλικαρνησσέος
403 3491 529 3564 ἱστορίης
538 3447 675 3559 &aridaeus
684 3490 737 3564 ἥδε
750 3496 856 3546 titulum
871 3498 962 3562 operis
975 3496 1172 3562 quodammodo
1184 3495 1304 3545 indicari

161 3572 241 3616 ratus
259 3580 275 3614 a
292 3565 468 3630 sequentibus
489 3566 635 3623 verbisne
652 3559 722 3631 μήτε
739 3581 765 3615 ν.
784 3581 807 3615 τ.
825 3564 848 3614 i.
867 3579 966 3614 novam
984 3564 1125 3629 periodum
1145 3564 1251 3613 institui
1268 3580 1302 3613 ac

161 3626 276 3700 posteri
291 3647 321 3683 τι
333 3622 406 3682 ἄλλα
419 3634 531 3684 νοτίοιο
544 3623 666 3695 timida&
684 3635 768 3683 inseri
786 3632 851 3683 vult.
881 3632 1017 3705 Equidem
1032 3635 1061 3681 in
1074 3648 1120 3692 ea,
1135 3647 1216 3698 quam
1229 3632 1300 3696 dedi,

161 3701 393 3798 interpretatione
406 3701 485 3751 huius
497 3701 552 3752 loci
565 3702 714 3752 subsistere
727 3700 830 3750 malim.

262 3768 272 3831 l
289 3769 444 3820 Herodotus
462 3771 485 3818 si
502 3769 680 3834 chronologia
698 3769 768 3818 duee
785 3768 927 3819 historiam
949 3783 1078 3818 enarrare
1093 3767 1240 3831 uoluisset,
1266 3767 1301 3818 ab

161 3838 286 3900 Assyriis
302 3838 394 3903 potius
411 3836 549 3903 proficisci
567 3837 684 3902 indeque
703 3836 738 3885 ad
756 3835 850 3886 Medos
869 3836 1022 3900 Persasque
1048 3840 1076 3886 et
1095 3836 1129 3885 ad
1147 3835 1222 3885 bella
1241 3851 1301 3885 eum

162 3905 281 3955 Graecis
299 3910 379 3970 gesta
396 3905 563 3955 descendere
577 3919 720 3970 rerumque
732 3904 878 3954 historiam
890 3903 926 3953 ad
939 3917 989 3953 sua
1002 3918 1087 3967 usque
1100 3908 1224 3969 tempora
1237 3919 1302 3953 oon·

160 3973 273 4022 tinuare
286 3972 436 4023 debuisset.
466 3973 560 4038 Neque
573 3988 638 4023 vero
651 3971 709 4022 tale
725 3972 884 4022 universale
897 3971 968 4036 quod
982 3972 1078 4020 dicunt
1089 3970 1220 4021 historiae
1233 3986 1301 4036 opus

160 4040 212 4090 ille
224 4040 343 4091 condere
353 4040 453 4103 voluit,
468 4054 631 4106 quamquam
644 4039 726 4106 quale
738 4055 810 4089 nunc
823 4046 927 4102 exstat,
941 4038 1005 4089 talis
1014 4039 1104 4103 operis
1116 4039 1193 4089 vices
1207 4040 1299 4103 utique

160 4109 243 4158 nobis
256 4109 392 4159 sustinere
405 4108 501 4170 debet3
518 4109 568 4158 sed
581 4108 655 4158 bella
668 4107 846 4159 barbarorum
859 4123 920 4159 eum
933 4107 1048 4157 Graecis
1061 4122 1190 4156 enarrare
1203 4112 1232 4156 et
1244 4107 1300 4170 qni·

161 4177 225 4227 dem
242 4177 312 4241 ipsis
329 4176 444 4227 Graecis
461 4178 490 4226 ia
509 4176 600 4225 animo
619 4176 729 4237 habuit3
749 4177 843 4241 itaque
862 4176 896 4226 ab
916 4190 950 4225 ea
967 4180 1041 4224 terra
1059 4174 1209 4235 exorditur,
1229 4188 1299 4238 qnae

159 4246 282 4304 τίκτηται
295 4246 414 4294 omnium
427 4245 504 4309 erigo
523 4250 551 4294 et
564 4243 644 4308 quasi
656 4243 718 4294 fons
731 4246 898 4295 Graecorum
916 4259 964 4294 ora
977 4244 1093 4292 maxime
1106 4244 1135 4291 in
1148 4258 1176 4291 se
1191 4256 1300 4291 eonver-

159 4317 249 4373 terat3
269 4316 353 4376 atque
371 4329 385 4361 e
398 4312 488 4375 Lydia
504 4312 610 4361 demum
628 4312 663 4361 ad
675 4312 820 4361 Persarum
838 4328 871 4360 ac
884 4311 1014 4375 deinceps
1027 4311 1062 4359 ad
1076 4310 1242 4359 Graecorum
1255 4324 1299 4358 res

159 4380 270 4430 transit.
300 4381 408 4430 Monuit
420 4379 553 4430 Creuzer:
572 4379 645 4430 Hist.
658 4379 747 4430 Knust
758 4379 784 4429 δ.
800 4380 845 4429 Gr.
858 4395 885 4443 p.
900 4377 949 4428 138
962 4376 999 4442 (p.
1014 4376 1062 4426 108
1076 4377 1118 4427 ed.
1131 4376 1208 4439 seo).
