2866 5134
222 360 282 427 488
646 358 963 421 COMMENTATIO

221 533 316 606 paucis
331 534 399 585 locis
418 533 534 603 reperiri
550 530 749 584 dissensionem
766 531 838 584 haud
852 549 912 584 sum
927 532 1049 587 nescius.
1087 532 1170 585 Nunc
1185 532 1279 601 video,
1293 551 1338 586 esa

221 620 281 673 dem
303 620 361 671 iera
383 618 546 671 sententiam
566 617 600 669 de
617 616 753 687 Herqdoti
774 617 915 671 codicibus
937 618 965 670 in
989 617 1058 670 dues
1078 617 1183 671 classes
1204 637 1227 671 s.
1244 619 1350 672 familias

221 703 414 770 secernendis,
432 720 545 772 quarum
560 702 646 754 altere
661 701 770 753 codices
781 702 811 754 S.
822 702 856 754 V.
871 701 902 755 Α.
915 704 953 769 Β,
965 703 1052 757 altera
1066 703 1175 756 codices
1185 703 1223 756 Μ.
1235 703 1265 759 Ρ.
1278 703 1311 757 Κ.
1322 704 1351 756 F.

222 787 433 859 complectatur,
451 786 625 856 pronuntiari
640 787 674 838 ab
689 786 796 845 Abicht.
813 786 960 856 (philolog.
978 787 1011 841 X.
1027 806 1054 857 p.
1070 790 1151 855 711),
1166 788 1213 860 qui
1229 806 1286 841 eam
1299 806 1353 841 mox

220 874 348 946 pluribus
364 875 507 943 probatum
527 872 562 924 iri
582 871 726 941 promittit.
765 871 806 924 dc
825 873 949 942 proiecto
971 873 996 924 si
1012 873 1120 926 omnino
1137 872 1259 926 codicum
1271 873 1352 926 Hero·

222 961 364 1013 doteorum
379 957 495 1010 familias
508 957 677 1010 constituere
689 955 795 1025 licebit,
812 956 858 1010 rix
873 955 954 1010 aliter
968 957 996 1009 id
1012 958 1073 1011 heri
1090 957 1207 1027 poterit3
1230 976 1280 1013 nec
1294 975 1354 1011 sane

221 1044 406 1116 probandum,
436 1042 509 1111 quod
533 1051 587 1096 tres
609 1042 731 1094 codicum
754 1040 859 1094 classes
881 1043 1016 1111 distingui
1038 1042 1099 1097 vult
1117 1060 1216 1095 censor
1234 1043 1353 1095 lenensis

221 1131 313 1199 (1817.
331 1145 373 1179 ur.
392 1130 451 1181 161.
471 1145 498 1196 p.
514 1127 593 1193 352),
615 1133 753 1196 quatenus
772 1125 812 1178 illi
828 1126 888 1181 scil.
905 1128 990 1195 magis
1006 1128 1040 1181 ad
1056 1128 1190 1193 ionicam,
1213 1128 1314 1197 epicam
1328 1143 1355 1180 ιο
1417 1140 1418 1151 ’

222 1214 363 1282 vulgarem
380 1212 528 1265 dialectum
543 1209 687 1264 inclinant.
719 1211 866 1265 Caeterum
878 1211 958 1264 nolim
970 1213 1096 1283 equidem
1110 1212 1178 1266 certi
1194 1214 1262 1283 qnid
1277 1214 1304 1265 in
1319 1212 1355 1265 his
1417 1200 1418 1267 l

222 1298 355 1363 delinire,
379 1314 450 1367 quae
465 1314 546 1367 quam
561 1296 666 1349 lubrica
682 1304 710 1349 et
724 1296 831 1349 incerta
846 1298 920 1365 siut,
940 1314 1018 1350 nemo
1034 1315 1088 1350 uon
1104 1296 1250 1366 intelligit:
1274 1314 1355 1368 neque

223 1400 293 1453 opus
307 1383 404 1452 utique
419 1381 473 1435 erit
486 1380 609 1433 hocloco
625 1388 752 1451 repetere
766 1399 813 1449 es,
839 1398 910 1451 quae
922 1399 1008 1452 supra
1023 1387 1049 1449 s.
1065 1386 1095 1436 14
1112 1383 1161 1435 hu.
1176 1381 1230 1435 iam
1245 1399 1354 1453 conque
1417 1372 1418 1385 ¹

223 1476 285 1522 stus
297 1483 358 1519 sum
369 1467 403 1520 de
413 1466 549 1519 Herodoti
562 1466 699 1533 codicum,
715 1471 853 1536 quotquot
863 1468 1030 1536 superstites
1043 1474 1125 1534 snut,
1142 1466 1265 1534 lacunis,
1280 1467 1356 1519 iuter·
1417 1494 1418 1537 3

222 1552 423 1623 polationibus,
442 1551 704 1621 depravationibus,
729 1567 801 1620 quae
813 1568 867 1604 non
880 1552 914 1604 ad
931 1552 1046 1607 medium
1060 1559 1166 1604 tentum
1180 1553 1257 1622 quod
1272 1552 1357 1605 dicunt

222 1654 319 1691 aevum
333 1641 403 1708 (quo
419 1637 474 1706 ipsi
488 1636 596 1689 codices
614 1636 783 1705 superstites
795 1636 890 1705 scripti
903 1637 983 1703 sunt)
996 1638 1120 1707 adeoque
1132 1637 1288 1690 recentiora
1299 1643 1357 1691 tem
1417 1684 1418 1711 3

222 1740 290 1793 pora
306 1719 459 1791 pertinent,
483 1723 533 1774 sed
549 1722 636 1791 ipsam
651 1720 686 1771 ad
702 1721 892 1791 antiquitatem
908 1722 1057 1790 recedunt,
1073 1722 1099 1775 ai
1114 1723 1225 1792 quidem
1239 1723 1291 1776 iam
1304 1721 1356 1775 Art
1417 1726 1418 1741 ¹

223 1806 332 1861 stutelis
346 1814 437 1859 aetate
450 1805 597 1859 lectionum
612 1823 645 1858 ea
658 1806 777 1858 varietas
793 1806 934 1860 exstitisse
950 1808 1074 1875 ridetur,
1090 1824 1161 1877 quae
1176 1808 1297 1877 scriptos
1309 1807 1357 1859 He—

223 1892 314 1946 rodoti
330 1892 416 1944 libros
436 1890 606 1944 dissensisse
622 1891 696 1944 inter
710 1909 741 1943 se
756 1896 840 1961 atque
853 1908 869 1943 a
884 1892 1023 1961 primitiva
1036 1892 1199 1960 integritate
1213 1892 1357 1946 descivisse

227 1977 270 2029 vel
286 1976 332 2029 illa
347 1982 439 2029 aetate
451 1976 553 2044 arguit.
590 1976 686 2038 Quare
701 1975 778 2028 viros
794 1977 890 2029 doctos
906 1977 1107 2030 Alexandrinos
1121 1978 1357 2047 grammaticosque

224 2063 363 2115 maximam
378 2077 471 2114 curam
485 2061 647 2113 adhibuisse
659 2060 751 2130 credo,
770 2068 801 2113 ut
811 2061 946 2113 Herodoti
959 2062 1044 2114 verbe
1056 2062 1199 2115 emendata
1210 2071 1241 2116 et
1252 2064 1286 2115 ad
1297 2062 1357 2114 iute-

224 2148 351 2215 gritatem
365 2163 442 2199 suam
460 2153 590 2199 revocata
607 2145 769 2197 exhiberent
784 2143 919 2215 valdeque
934 2146 1079 2200 dolendum
1094 2154 1153 2212 est,
1169 2146 1255 2201 huius
1271 2162 1357 2218 operae

225 2233 258 2284 ab
273 2230 467 2284 Alexandrinis
490 2231 516 2283 in
530 2229 666 2282 Herodoti
689 2230 780 2283 verbis
801 2231 908 2300 positae
923 2232 970 2284 vix
984 2232 1132 2302 quidquam
1149 2249 1302 2302 superesse
1317 2247 1358 2284 nec

225 2316 309 2370 ullum
330 2318 365 2386 ad
391 2323 486 2369 nostra
511 2322 634 2384 tempora
661 2315 824 2384 pervenisse
844 2314 942 2368 librum
960 2316 1096 2369 Herodoti
1116 2316 1267 2387 scripturn,
1296 2315 1358 2386 quod
1417 2370 1418 2379 ρ

225 2403 309 2455 verba
327 2398 462 2454 Hemdou
477 2401 544 2453 talia
560 2400 701 2465 exhibeat,
727 2400 819 2470 qualia
834 2419 850 2453 e
866 2401 941 2454 curis
957 2402 1192 2470 grammaticorum
1209 2400 1357 2455 Alexandri·
1417 2382 1418 2409 l

226 2505 321 2540 uorum
336 2486 499 2557 prodierint.
533 2485 659 2553 Insignis
676 2485 745 2537 hanc
759 2486 787 2537 in
804 2503 858 2539 rem
874 2492 966 2539 exstat
975 2486 1124 2556 Porphyrii
1138 2486 1219 2540 locus
1234 2488 1263 2541 in
1277 2487 1358 2550 Quae·

225 2573 329 2625 stionn.
344 2572 497 2624 Homerico.
513 2589 573 2641 eap.
588 2573 619 2638 8,
641 2587 729 2640 nuper
749 2588 859 2642 qnoque
873 2570 974 2623 allatus
994 2580 1022 2623 et
1042 2578 1178 2625 tractatus
1200 2574 1236 2625 ab
1249 2570 1358 2625 Hearice

225 2657 303 2710 Steiu
319 2657 347 2708 in
365 2656 488 2710 Vindice.
506 2656 640 2709 Herodot.
656 2654 810 2723 Specimiue
825 2674 889 2726 pag.
907 2660 938 2709 17
955 2674 1031 2726 seq.z
1055 2656 1121 2709 iude
1140 2656 1213 2709 euim
1230 2656 1357 2717 discimus,

226 2761 280 2794 non
297 2740 383 2793 solum
402 2743 578 2795 Philemonem
593 2736 808 2808 grammaticum,
832 2741 879 2811 qui
901 2741 968 2794 haec
982 2741 1233 2795 Alexandrinorum
1250 2748 1358 2811 tempora

226 2826 331 2894 attigit,
355 2826 389 2877 de
403 2826 540 2878 Herodoti
555 2825 649 2878 verbis
665 2825 842 2879 emendandis
857 2825 950 2894 egisse
969 2819 1013 2896 (dv
1027 2831 1087 2888 τοῖς
1102 2820 1262 2896 Φιλήμονος
1276 2825 1359 2895 oum*

226 2929 315 2980 κτοις,
331 2911 429 2963 scribit
439 2909 630 2980 Porphyrius,
648 2907 728 2976 περὶ
741 2903 970 2975 Ἡροδοτοιόο
986 2906 1241 2980 διορθώματος
1255 2905 1270 2967 d
1285 2928 1355 2981 φρομ

226 2989 342 3066 ματιιιός
357 2989 552 3065 διαλεγόμενος
565 2995 695 3064 πειρᾶται
711 2994 760 3049 καὶ
770 2982 908 3066 Ὀμηριιιοῖ
921 3015 985 3049 τινα
999 2999 1161 3066 σαφηνίζειν
1172 3017 1203 3053 ιι.
1213 3018 1239 3053 τ.
1253 2998 1306 3065 t),
1320 3011 1358 3047 vt·

227 3098 285 3134 rum
298 3081 378 3134 etiam
388 3083 571 3135 Alexandrum
585 3083 750 3150 Cutyadnaem
762 3081 972 3149 grammaticum,
988 3082 1036 3151 qui
1049 3093 1113 3150 post
1123 3082 1305 3136 Philemonem
1317 3078 1359 3134 do-

227 3166 298 3232 ruit,
313 3165 342 3218 in
359 3166 453 3219 eodem
468 3165 561 3219 studio
577 3183 640 3219 esse
654 3173 807 3219 versatum:
830 3165 927 3219 scribit
938 3166 1009 3219 euim
1020 3166 1194 3236 Porphyrius
1209 3168 1237 3221 in
1253 3182 1359 3236 sequeu-
1417 3164 1418 3167 ’

227 3252 317 3304 tibus:
335 3253 417 3305 τοῦτο
431 3246 467 3321 δὴ
482 3245 651 3320 θεραπεύων
665 3270 707 3313 τις
721 3251 793 3318 (scil.
809 3245 954 3313 Κοτοαεὺς
966 3243 1152 3324 Ἀλέξανδρος,
1179 3260 1211 3306 ut
1226 3259 1298 3305 recte
1311 3256 1358 3302 sta·

227 3338 282 3390 tuit
295 3336 384 3390 Stein.
398 3336 417 3388 l.
432 3336 466 3407 Ι.)
484 3329 535 3404 οὐχ
545 3329 698 3406 Ἡροδότου
714 3334 802 3405 φησὶν
816 3331 963 3406 ἁμάρτημα
978 3334 1135 3407 γεγονέναι,
1156 3332 1302 3406 μᾶλλονδὲ
1317 3328 1358 3388 τὸν

227 3418 334 3492 γραφέα
350 3420 421 3492 φησὶ
434 3423 595 3491 διαμαρτεῖν
610 3416 822 3493 παρεμβαλόντα
835 3416 866 3477 τὸ
881 3419 959 3476 loica.
987 3417 1074 3477 πολλὰ
1092 3417 1123 3476 dd
1138 3420 1276 3492 φέρεσθαι
1294 3417 1356 3490 μέχρι

227 3509 279 3562 νῦν
294 3501 477 3578 ἁμαρτήματα
492 3502 563 3563 κατὰ
578 3501 631 3576 τὴν
647 3499 800 3576 Ἡροδότου
821 3500 987 3577 συγγραφὴν
1002 3505 1050 3562 sal
1068 3504 1107 3562 ἔτι
1121 3502 1174 3577 τὴν
1192 3505 1357 3563 Θοαιιοδιδοο

228 3612 254 3645 ιι.
270 3612 293 3647 τ.
310 3596 334 3645 l.
351 3586 533 3661 ἐπανάγωμεν
546 3584 575 3647 δ’
589 3587 635 3646 ἐπὶ
649 3585 860 3660 τόνἩρόδοτον
876 3590 925 3647 καὶ
940 3586 990 3647 τὸν
1004 3586 1165 3663 διορθωτὴν
1179 3587 1231 3647 τὸν
1246 3585 1358 3647 umet«

223 3671 407 3745 Ἀλέξανδρον.
446 3678 527 3740 Quae
548 3678 597 3749 qni
620 3679 806 3746 reputaverit,
835 3678 908 3731 haud
926 3678 1084 3745 mirabitur,
1113 3678 1158 3731 vel
1182 3696 1232 3731 eos
1252 3676 1356 3737 codices,
1417 3722 1418 3743 ρ

228 3780 299 3832 quos
315 3762 348 3814 ad
365 3762 494 3815 decimum
516 3780 606 3833 usque
626 3762 764 3816 saeculum
782 3763 893 3832 regredi
909 3770 937 3816 et
957 3762 983 3815 in
1000 3763 1133 3816 Herodoti
1156 3763 1251 3815 verbis
1267 3756 1356 3814 consti·

229 3848 340 3900 tuendis
357 3849 504 3917 praecipue
522 3848 714 3916 respiciendos
729 3866 792 3901 esse
807 3849 925 3903 diximus
945 3848 1126 3920 (Mediceum,
1143 3850 1320 3902 Florentinum
1333 3848 1356 3893 tl

230 3935 463 3998 Suaerofts'onum,
480 3934 527 4002 qui
540 3934 701 3985 recentioris
714 3933 811 3986 aetatis
827 3933 900 4001 est),
918 3933 993 3986 vitiis
1005 3933 1129 3985 cuiusvis
1140 3933 1252 4003 generis
1264 3938 1355 3983 scauro

230 4020 434 4087 eorundemque
457 4036 514 4070 eam
535 4036 598 4070 esse
619 4018 814 4087 conditionem,
845 4027 876 4071 ut
901 4018 971 4071 alter
991 4034 1024 4071 ex
1051 4016 1138 4071 altero
1164 4034 1227 4071 uuus
1248 4012 1354 4075 duxerit,

230 4103 300 4155 haud
319 4102 397 4154 facile
412 4103 525 4155 dixeris.

314 4189 371 4240 lam
390 4206 447 4239 eam
467 4188 594 4254 afferam,
615 4205 686 4257 quae
705 4189 739 4240 de
754 4188 815 4241 aliis
834 4188 969 4243 Herodoti
983 4186 1140 4256 codicibus,
1159 4187 1240 4256 louge
1255 4180 1355 4261 inferio·

231 4275 307 4326 ribus
330 4273 384 4325 illis
400 4273 508 4341 quidem
529 4272 694 4343 multumque
714 4272 929 4341 recentioribus,
952 4272 1014 4325 mihi
1031 4272 1222 4326 innotuerunt.
1257 4267 1352 4322 Initium

231 4358 327 4411 faciam
349 4376 365 4410 a
389 4359 486 4413 Veneto
507 4358 615 4426 codice,
641 4358 719 4411 cuius
741 4358 873 4412 lectiones
895 4352 1027 4429 quasdam
1048 4356 1171 4411 exhibuit
1190 4345 1352 4418 Wesseliugil
