2984 5154
445 410 652 472 URANIA.
674 413 766 475 VIII.
787 422 920 480 re—aa
1209 425 1250 488 67

118 572 237 667 Ἀχαιοί.
268 583 313 649 Οί
326 581 388 669 μέν
404 609 471 651 νυν
487 578 580 653 ἄλλοι
597 582 751 675 τριήρεας
769 585 986 679 παρεχόμενοι
999 589 1296 682 ἐστρατεύοντο“48

119 677 236 768 Μήλιοι
260 681 300 750 δὲ
320 685 376 751 καὶ
395 690 533 773 Σίφνιοι
550 687 607 755 καὶ
624 695 782 777 Σερίφιοι
799 693 1098 784 πεντηκοντέρους,
1122 692 1249 784 Μήλιοι

118 782 182 870 ab,
199 784 296 870 γένος
313 782 422 865 ἐόντες
439 780 504 856 risui
522 793 783 878 Λακεδαίμονος,
803 790 865 862 δύο
883 801 1091 885 παρείχοντο,
1110 803 1250 886 Σίφνιοι

118 883 150 952 dl
166 886 219 953 nul
237 893 411 976 Σερίφιοι,
427 883 542 968 Ἴωνες
562 887 672 972 ἐόντες
694 886 753 961 ἀπ’
771 887 958 984 Ἀθηνέων,
982 903 1064 985 μίαν
1088 896 1245 990 ἑκάτεροι.

114 979 259 1076 Ἀριθμὸς
284 987 322 1057 δὲ
341 990 470 1076 ἐγένετο
487 983 506 1060 ὁ
524 993 587 1072 πᾶς
604 995 673 1063 τοῖν
689 996 795 1084 νεῶν,
820 994 922 1086 πάρεξ
946 1000 1015 1068 τοῖν
1032 1003 1247 1088 πεντηκοντέ-

116 1114 191 1177 ρων,
208 1087 394 1180 τριηκόσιαι
412 1092 468 1161 καὶ
487 1091 716 1182 ἑβδομήκοντα
734 1098 789 1166 καί
806 1091 901 1167 ὀκτώ.

115 1268 127 1301 e
146 1251 301 1304 Pausaniae
330 1255 488 1306 testimonio
511 1272 650 1323 nunquam

113 1318 237 1386 Olympiis
248 1322 335 1386 vicit,
353 1338 421 1373 eane
439 1323 562 1375 diversus
573 1326 649 1376 ride·

112 1392 162 1451 tur,
174 1396 203 1439 ut
213 1389 315 1440 dudum
327 1396 405 1442 recte
419 1392 517 1444 statuit
528 1392 650 1444 Valcke-

112 1457 221 1522 ιιι,ηοὶ
230 1458 265 1508 de
272 1456 439 1510 Crotoniatae
446 1459 561 1524 Phayllo
571 1477 650 1527 prae-

111 1528 181 1575 terea
197 1526 319 1577 conferri
337 1526 397 1577 vult
411 1526 522 1577 Suidam
541 1544 563 1579 s.
576 1546 603 1585 η.
616 1530 648 1580 T.

110 1592 153 1641 III.
169 1608 232 1659 pag.
250 1592 313 1645 586.
338 1595 442 1645 Zenob.
461 1596 513 1657 lV,
533 1596 574 1647 23.
595 1599 649 1647 Eu·

109 1660 182 1709 stath.
200 1661 235 1711 ad
252 1661 357 1726 Odyss.
376 1663 449 1713 VIII.
464 1680 490 1729 p.
505 1662 563 1715 eet.
599 1665 647 1714 At·

111 1742 153 1792 que
170 1728 350 1782 Crotoniatas
373 1731 482 1781 omnino
501 1731 601 1783 multas
619 1734 648 1783 in

109 1794 170 1847 ludis
181 1796 356 1864 Olympiacis
375 1804 403 1849 ct
419 1799 543 1863 Pythicis
560 1800 646 1851 victo-

108 1865 155 1914 rias
165 1865 294 1918 retulisse
306 1867 447 1929 novimum
460 1867 645 1919 vidllrause:

109 1933 236 1994 Gymnast.
255 1950 284 1986 n.
298 1935 429 2001 Agonist.
447 1935 473 1984 d.
486 1934 596 1986 Hellen.
609 1937 645 1999 11,

107 1997 143 2050 29.
152 2017 212 2067 pag.
226 2003 287 2054 752.

25 2076 27 2101 ²
129 2066 322 2138 Κροτωνιῆται
333 2062 366 2121 dl
375 2065 458 2135 γένος
467 2063 522 2122 eloi
533 2061 646 2138 Ἀχαιοί]

108 2134 273 2189 Constantem
283 2139 362 2189 hanc
375 2139 548 2204 antiquitatis
561 2140 646 2190 luisse

25 2252 26 2263 ,
108 2203 196 2255 famam
219 2207 358 2258 observat
375 2206 407 2256 C.
424 2207 470 2257 Fr.
489 2208 645 2258 Hermann:

109 2272 204 2324 Grieela
217 2274 432 2326 Staatsalterth.
445 2274 520 2336 §.BC
534 2281 589 2326 not.
605 2275 644 2339 10,

107 2339 145 2389 uhi
160 2342 238 2408 plura
255 2342 336 2393 hane
354 2342 383 2407 in
401 2357 457 2392 rem
477 2342 558 2394 all'ert
569 2345 646 2394 testi·

107 2411 194 2460 uenia.
233 2412 278 2461 Tu
301 2409 361 2459 vid.
384 2411 552 2475 potissimum
571 2414 645 2463 Stra·

108 2475 158 2528 boa.
172 2478 218 2530 VI.
236 2495 264 2545 p.
277 2477 334 2529 262
352 2493 373 2530 s.
391 2477 469 2528 40211
482 2494 538 2543 seq.
574 2480 645 2531 Nam

108 2545 269 2610 cogitandum
288 2544 339 2596 hic
352 2545 386 2596 de
398 2546 531 2608 Achaeis,
549 2548 644 2612 priori·

108 2609 147 2662 bus
162 2614 307 2666 Laeoniae
328 2614 443 2675 ineolis,
463 2615 508 2679 qui
525 2615 645 2666 Doribus

109 2678 308 2748 llataelidiaquc
329 2682 462 2747 ingressis
474 2681 532 2733 solo
546 2684 644 2733 cedere

109 2752 185 2800 eoacti
201 2751 230 2801 in
247 2750 367 2802 ltaliam
390 2750 576 2802 discesserant
593 2752 644 2801 ibi·

109 2828 147 2879 que
169 2818 321 2870 Crotonem
347 2818 543 2882 condiderant,
573 2835 644 2870 anno

108 2883 148 2934 illl
163 2893 225 2939 aute
238 2886 308 2940 Chr.
322 2902 349 2937 n
362 2888 422 2937 sive
435 2885 543 2953 Olymp.
557 2888 645 2949 XVII,

107 2950 130 3011 i,
144 2959 173 3004 ut
188 2956 272 3022 vulgo
291 2960 414 3022 ponant3
440 2955 497 3005 vid.
515 2956 645 3006 Fischer:

108 3018 203 3073 (lriech.
216 3022 376 3075 Zeittaieln
387 3038 452 3090 pag.
465 3022 499 3073 76
510 3039 569 3088 seq.

263 3195 336 3247 Car.
354 3194 480 3244 XLVIII.

133 3291 237 3360 Μήλιοι
249 3289 402 3363 μὲνγένος
416 3286 510 3354 ἐόντες
522 3285 581 3346 α’τιὸ
589 3295 644 3344 Λα-

107 3359 267 3430 usonem
281 3382 311 3415 τι.
325 3378 349 3415 τ.
363 3362 564 3481 λ.ρ1Ροιιίοοο1
579 3362 644 3427 hnc,

108 3442 168 3493 quae
195 3433 230 3482 ad
258 3432 344 3493 VIII,
374 3433 390 3481 4
435 3432 643 3497 disputavimus.

108 3494 189 3549 Verba
205 3516 282 3567 seqq.
303 3498 427 3565 Σίφνιοι
446 3494 479 3550 d'e
497 3495 546 3550 acl
559 3496 642 3564 Σερί-

108 3576 162 3627 φιοι
178 3583 203 3618 κ.
215 3585 240 3619 τ.
253 3571 278 3619 ί..
298 3570 370 3618 citat
384 3567 512 3618 Eustath.
531 3568 567 3619 ad
578 3568 643 3617 Dio·

108 3645 158 3696 tyr.
170 3635 276 3704 Parieg.
289 3636 355 3697 525,
369 3636 417 3686 ubi
430 3636 484 3686 vid.
497 3635 585 3701 plura.

134 3691 258 3768 Ἀριθρός
271 3698 306 3754 δὲ
317 3695 430 3769 ἐγένετο
442 3731 473 3779 ⁸.
483 3699 644 3770 τριηκόσιαι

109 3764 151 3818 aci
166 3761 367 3839 ἑβδομήκοντα
382 3768 434 3823 καὶ
451 3766 534 3839 eard]
565 3772 643 3822 Coei.

109 3834 195 3892 Matth.
212 3840 259 3891 Gr.
279 3840 328 3891 Gr.
345 3841 370 3902 fi.
385 3838 441 3889 140.
482 3838 561 3903 Quod
578 3855 644 3889 vero

111 3910 134 3952 et
147 3903 171 3955 h
184 3905 202 3958 l.
220 3913 249 3957 et
265 3908 350 3969 VIII,
365 3905 399 3957 82
416 3908 516 3959 Noster
533 3907 645 3957 navium

109 3985 237 4025 numerum
246 3977 646 4040 indicattreeeatarumeeptaa-

109 4044 173 4102 quta
180 4051 252 4107 octo,
271 4044 395 4095 existunt
410 4044 502 4109 potius
513 4049 645 4094 treeemae

109 4114 236 4175 exoptata
257 4127 321 4170 rem,
345 4112 371 4161 si
388 4112 505 4163 omnium
522 4112 643 4173 navium,

111 4182 230 4243 quotquot
248 4196 266 4230 a
283 4180 400 4246 singulis
423 4180 583 4231 civitatibus
601 4193 644 4229 su·

111 4246 645 4367 teudinutttttt‘trtut

346 4352 353 4378 l

112 4377 271 4434 noemam.
309 4382 450 4435 Ibeeentuc
464 4386 646 4451 quinquaqinta

701 1267 758 1311 octo
779 1266 871 1326 erunt,
891 1263 915 1313 si
934 1279 994 1314 eum
1012 1265 1094 1316 Valla
1107 1266 1247 1320 Saneroiti

701 1327 801 1380 librum
814 1330 952 1396 aliamque
965 1348 1120 1398 sequamur.
1150 1336 1246 1402 Neque

700 1401 794 1448 tamen
817 1398 868 1449 hoc
892 1398 953 1450 loco
994 1400 1123 1466 nidquam
1141 1409 1247 1455 mutan·

701 1465 773 1526 dum,
787 1473 900 1517 auctore
913 1416 1110 1533 Valelmnario,
1124 1471 1178 1536 qui,
1193 1488 1246 1538 qno

700 1534 806 1584 numeri
819 1535 995 1599 conveniant,
1010 1552 1071 1603 cap.
1085 1537 1128 1602 46,
1140 1539 1188 1589 nbi
1200 1545 1246 1590 tri·

698 1605 771 1665 piata
788 1598 962 1668 (τριήκοντα)
980 1620 1067 1656 naves
1084 1607 1245 1671 praebuisse

700 1669 829 1719 dicuntur
840 1672 1010 1735 Aeginetae,
1029 1674 1079 1724 duo
1095 1680 1121 1722 et
1134 1677 1245 1740 qnadra-

697 1738 771 1802 pinta
789 1729 853 1799 (eoo
871 1734 920 1789 aul
938 1732 1161 1804 τεσσαράκοντα)
1183 1742 1245 1794 sub·

699 1804 776 1854 stitui
793 1805 865 1866 vult3
885 1806 956 1870 quod
972 1806 1044 1857 idem
1061 1807 1166 1873 placuit
1177 1810 1245 1861 Lar·

699 1872 795 1935 chero,
822 1888 883 1923 cum
904 1873 1059 1939 Aeginetae
1084 1882 1146 1941 post
1161 1877 1245 1929 Athe·

698 1940 811 1991 aienses
827 1939 959 2006 plarimae
972 1947 1048 1993 certe
1065 1958 1150 1997 naves
1163 1945 1244 1996 dede·

698 2008 767 2069 rint,
780 2013 852 2060 teste
865 2009 1007 2061 Pausania
1018 2010 1058 2074 11,
1072 2009 1115 2062 29.
1128 2013 1152 2073 δ.
1165 2013 1189 2077 5,
1204 2013 1244 2063 in·

699 2075 786 2140 deque
803 2076 895 2142 piures
913 2092 998 2129 naves
1013 2077 1176 2144 Corinthiis,
1198 2082 1244 2146 qui

699 2147 727 2193 et
743 2143 797 2210 ipsi
816 2146 987 2212 quadraginta
1004 2162 1135 2214 erogasse
1151 2150 1244 2214 parhi-

698 2212 804 2275 bentur,
818 2214 1176 2278 praebuerintneeessesit.
1195 2216 1244 2267 As·

697 2294 794 2331 sensus
808 2286 850 2331 est
860 2281 938 2331 hisce
950 2283 1050 2348 Negris
1063 2284 1092 2333 in
1104 2284 1169 2336 edit.
1182 2300 1241 2336 sna.

697 2346 752 2398 Sed
770 2348 819 2399 illo
836 2350 865 2398 in
882 2347 945 2399 loco
957 2350 1092 2401 Herodoti
1106 2352 1152 2402 vel
1165 2367 1243 2418 repe·

696 2414 778 2465 titum
790 2409 944 2482 τριήκοντα
961 2419 1061 2467 mutari
1079 2419 1144 2482 qnid
1156 2423 1243 2482 vetat,

697 2488 727 2532 ut
744 2483 815 2533 bene
833 2484 937 2534 monuit
955 2484 986 2533 C.
1006 2484 1040 2535 0.
1058 2484 1176 2536 Mueller
1191 2486 1243 2537 Ae·

697 2551 796 2615 ginett.
822 2566 886 2616 pag.
912 2550 968 2600 120.
1004 2552 1041 2601 Et
1063 2553 1245 2617 praetervidit

696 2616 915 2681 Valckenarius,
939 2619 1010 2684 qnod
1033 2620 1094 2685 ipse
1118 2621 1245 2670 enuntiat

696 2686 852 2736 Herodotus
865 2701 926 2752 cap.
939 2685 986 2747 46,
1000 2687 1152 2753 Aeginetae
1163 2703 1244 2752 prae·

697 2758 740 2804 ter
757 2755 873 2821 triginta
891 2755 1031 2817 triremes,
1050 2770 1121 2819 quae
1133 2770 1244 2822 pugnae

696 2822 868 2873 Salaminiae
885 2822 1074 2885 interfuerint,
1094 2822 1166 2874 alias
1179 2838 1244 2889 quo·

698 2905 750 2955 que
768 2889 916 2954 habuisse,
940 2891 1038 2955 quibus
1055 2891 1181 2956 Aeginae
1202 2891 1244 2941 ia-

696 2958 790 3019 sulae‚
816 2959 844 3009 in
866 2974 947 3023 quam
965 2957 1044 3008 multi
1058 2959 1243 3010 Athenienses

697 3041 761 3076 suas
779 3026 901 3077 familias
915 3027 1093 3091 fortunasque
1106 3028 1241 3087 securita-

696 3094 733 3143 tis
746 3109 831 3143 eausa
844 3093 1050 3157 transtulerant,
1064 3110 1140 3146 oram
1151 3110 1168 3144 a
1177 3097 1243 3146 Per·

696 3176 786 3211 aarum
795 3162 1000 3213 incursionibus
1008 3165 1173 3212 tutarentur.
1183 3163 1243 3212 Has

695 3229 782 3294 igitur
799 3245 885 3280 naves
908 3230 944 3280 ad
965 3229 1082 3280 insulam
1100 3229 1242 3280 tutandam

696 3296 810 3347 relictas
833 3299 857 3348 si
881 3296 1025 3348 duodecim
1048 3297 1136 3348 faisse
1158 3312 1242 3362 pona-

696 3380 765 3426 mus,
779 3379 850 3430 qnae
860 3364 1117 3431 Schweighaeuseri
1127 3369 1170 3414 est
1182 3379 1243 3415 acn-

695 3433 799 3495 tentia‚
819 3448 921 3499 easque
938 3435 1022 3483 etiam
1041 3433 1076 3483 ad
1088 3431 1160 3481 hune
1172 3433 1243 3482 rele-

695 3516 931 3564 remacensem,
955 3500 1089 3551 Herodoti
1107 3498 1246 3550 constabit

696 3567 764 3618 fides
777 3569 937 3633 numerique
951 3568 1129 3630 convenicae
1149 3583 1242 3634 qnam·

696 3650 779 3701 quam
803 3637 832 3686 in
855 3640 1013 3686 universum
1037 3634 1160 3686 dolemus
1181 3650 1243 3685 cum

695 3703 870 3754 Dahlmanno
887 3704 989 3754 Herod.
1007 3718 1072 3770 pag.
1087 3702 1130 3754 99.
1146 3702 1199 3753 219
1213 3703 1242 3753 in

697 3771 814 3822 calculis
832 3771 996 3822 Herodoteis
1020 3786 1053 3821 ae
1071 3770 1242 3837 supputatio·

696 3840 778 3891 nibus
806 3838 967 3905 plerumque
996 3838 1096 3888 menda
1126 3837 1243 3905 reperiri

696 3923 731 3957 ae
748 3907 819 3957 vitia
840 3908 887 3959 vix
911 3906 992 3958 nobis
1014 3905 1151 3967 tollenda3
1175 3920 1242 3972 qua·

695 3974 736 4026 lia
753 3975 880 4040 equidem
901 3974 1076 4025 librariorum
1098 3974 1242 4026 socordias

696 4058 778 4109 qnam
795 4044 870 4093 senis
887 4043 975 4108 ipsius
990 4042 1181 4107 negligentiae
1195 4041 1241 4092 ad·

697 4111 818 4161 seribere
831 4110 932 4161 malim.
951 4110 1011 4161 Nec
1024 4109 1106 4160 aliter
1116 4110 1241 4160 iudicare

696 4179 778 4231 video
791 4178 821 4229 Ο.
832 4178 866 4232 Ο.
875 4177 1001 4228 Mueller.
1011 4177 1030 4227 l.
1041 4176 1059 4227 l.
1073 4193 1099 4242 p.
1112 4177 1158 4226 121
1172 4192 1240 4242 seq,

696 4246 824 4297 mendum
841 4246 929 4297 latere
948 4246 994 4312 qai
1008 4249 1093 4325 putat
1103 4245 1183 4307 VIII,
1197 4243 1240 4306 43,

696 4315 744 4365 nbi
761 4314 790 4363 in
807 4314 900 4365 verbis
918 4312 1076 4365 Σικυωνιοι
1094 4304 1127 4362 dl
1143 4324 1241 4361 usna·

696 4379 820 4434 καίδεκα
832 4379 1004 4448 παρείχοντο
1016 4374 1097 4443 νίας,
1115 4378 1242 4429 nltimam

994 4465 1039 4532 5*
