2952 5156
486 374 692 435 URANIA.
715 376 805 436 VIII.
829 382 873 441 61.
895 380 940 439 62.
1244 384 1284 446 87

135 554 203 631 ζων
221 542 307 637 ἥπερ
326 549 502 636 ἐκείνοισι,
522 543 590 617 ἔστ’
602 539 645 617 οἷν
664 544 828 635 διηκόσιαι
844 549 919 630 νέες
936 569 997 638 σφι
1015 556 1093 620 ἔωσι
1110 560 1282 642 πεπληρσν

133 652 252 737 μέναι·
287 644 457 739 οὐδαμούς
480 645 543 741 γὰρ
569 644 735 738 Ἑλλήνων
758 645 881 731 adrosis
906 650 1058 734 ἐπιόντας
1080 648 1282 745 ἆποκρσύσε-

134 761 230 821 σθαι.
267 759 452 841 Σημαίνσνν
471 751 630 822 δὲταῦτα
651 754 698 844 τῷ
720 747 808 844 λόγῳ
834 754 981 841 διέβαινε
1000 756 1033 835 ἐς
1051 751 1281 847 Εὐρυβιάδην,
1289 772 1329 833 62

133 855 247 942 λέγων
262 855 390 943 μᾶλλον
408 856 670 945 ἐπεστραμμένα·
695 850 750 923 Σύ
769 859 799 923 εἰ
815 856 943 943 μενέεις
960 852 1080 945 αὐτοῦ,
1098 860 1154 928 καὶ
1171 860 1283 948 μένων

132 1094 233 1139 terram
256 1102 314 1138 esse
338 1104 411 1154 ριιιοιι
435 1089 485 1139 illis
511 1086 684 1151 (Corinthiis)

132 1172 252 1206 amone
265 1155 296 1218 (i.
306 1171 330 1206 e.
341 1156 495 1207 rationibus
507 1171 529 1206 s.
539 1171 684 1220 argumen-

132 1226 171 1273 tis
185 1223 296 1285 allatis)
313 1230 510 1275 commonstrare
527 1226 636 1281 studuit,
656 1225 684 1273 in

132 1307 187 1356 quo
204 1290 276 1341 illud
294 1285 368 1355 λόγῳ
384 1307 446 1342 cum
463 1292 492 1342 vi
507 1291 624 1356 quadam
637 1292 685 1341 ed-

131 1360 223 1409 ‹litum
236 1375 300 1409 esse
318 1359 404 1410 facile
417 1365 535 1425 epparet
546 1375 598 1410 nec
611 1358 684 1425 fugit

131 1428 265 1477 Karsten.
279 1426 314 1478 de
326 1427 370 1478 his
380 1432 562 1493 exponentem
572 1428 607 1477 ad
616 1428 684 1477 Pur·

131 1494 254 1544 meuidis
268 1495 394 1560 Iregmm.
406 1510 473 1561 pag.
485 1495 527 1547 83.
542 1494 680 1559 Schweig-

131 1563 289 1613 heeusems
301 1564 331 1612 in
340 1562 408 1613 Lex.
418 1562 550 1615 Herodot
563 1564 600 1614 11.
613 1580 639 1628 p.
651 1562 684 1613 78

130 1624 208 1703 λόγῳ
225 1629 253 1680 h.
267 1630 284 1680 l.
298 1630 370 1681 idem
390 1630 485 1682 valere
503 1636 583 1696 putet
601 1637 683 1696 atque

130 1692 246 1764 αληθέῖ
255 1691 338 1763 λόγῳ,
353 1698 463 1749 Graeca
476 1699 610 1749 Herodoti
622 1714 683 1750 vor-

736 1088 885 1168 eeniuutur
900 1089 913 1138 l
921 1126 928 1150 ,
943 1086 991 1138 129
1004 1077 1159 1171 (diriperes
1174 1082 1279 1157 λόγῳ),

738 1156 775 1234 V,
799 1154 833 1206 84
857 1149 1023 1233 απέφαινον
1047 1157 1158 1223 λογῳ),
1183 1159 1223 1223 V,
1247 1158 1281 1210 94

738 1222 973 1287 (αποδειιιννντες
997 1221 1109 1291 λόγῳ),
1134 1226 1181 1277 ubi
1204 1228 1282 1278 velet

736 1297 888 1343 monstrare
908 1307 1037 1352 srmone,
1061 1295 1079 1343 i.
1099 1311 1123 1344 e.
1141 1296 1281 1345 rationibus

736 1361 1281 1481 “·ινιισιιιλιααιιι

735 1443 779 1559 ¹1an
780 1444 877 1560 ¹io'epdr¹
892 1444 1021 1562 διέβαιηνμε
1045 1488 1074 1556 ές
1091 1488 1280 1565 Εὐρυβιάδην

736 1564 787 1621 (sic
810 1565 882 1614 enim
904 1565 1004 1629 scripsi
1027 1581 1075 1629 pro
1095 1565 1170 1630 vulg.
1186 1557 1280 1630 Eripu-

735 1623 853 1693 δισὶδεας
868 1632 928 1711 yid.
937 1638 1007 1710 rrott.
1019 1632 1055 1682 ed
1063 1633 1139 1695 VIII,
1152 1633 1188 1696 2),
1204 1636 1279 1752 equi·

735 1699 798 1749 dem
809 1699 903 1749 malim
920 1714 958 1764 τῳ
971 1700 1044 1766 λογῳ
1056 1701 1161 1751 referre
1175 1702 1210 1751 ad
1241 1717 1293 1769 ss,

132 1766 169 1818 be
186 1767 229 1816 sie
247 1767 448 1832 interpretans:
471 1782 533 1825 „es
548 1769 629 1831 ipsius
645 1771 686 1817 rei
736 1764 832 1832 βαινε,
863 1772 893 1816 ut
917 1767 976 1832 ipse
1001 1767 1279 1833 Schweighaeuserus

130 1836 236 1885 ratione
249 1832 298 1899 (ex
310 1836 352 1885 rei
363 1834 494 1898 ueritate)
504 1838 684 1885 demonstraret

130 1919 189 1954 esec
210 1903 276 1967 ipsis
298 1909 325 1954 et
348 1902 433 1953 erdem
449 1909 474 1952 et
491 1910 602 1959 temera:
624 1903 683 1954 sive

131 1971 304 2021 commodius
316 1970 435 2020 fortasse
448 1970 602 2021 naturalem
615 1976 685 2021 stru-

575 2030 581 2048 Ι

131 2046 242 2089 eturem
255 2037 340 2088 talem
353 2038 508 2103 concipies:
529 2030 562 2089 ἒδ
583 2038 634 2089 λον
645 2029 683 2097 (ὃς

129 2099 208 2171 λόγῳ
220 2108 250 2168 (ἰ.
265 2122 291 2171 q.
304 2095 415 2185 α’ληθὲϊ
431 2098 515 2171 λόγῳ)
532 2056 582 2157 sod
601 2098 683 2165 πόλις

131 2171 183 2224 eal
199 2172 240 2240 γῆ
260 2171 307 2239 εἴη
325 2176 469 2236 εωοτσῑσι,
492 2177 604 2225 ostendit
626 2191 682 2225 esse

735 1835 804 1885 iecit
815 1836 845 1884 in
856 1835 960 1885 Latine
972 1836 1099 1886 versione
1111 1835 1182 1886 haec
1195 1837 1280 1887 verbu

734 1904 776 1953 sic
788 1902 920 1954 reddens:
938 1903 1029 1963 „haec
1041 1908 1184 1968 postquem
1196 1905 1281 1971 signi-

734 1969 842 2031 ficavit,
872 1973 909 2021 ed
930 1970 1103 2035 Eurybiadem
1130 1979 1280 2022 convertens

731 2055 871 2090 stratonem
891 2040 995 2089 maiore
1016 2040 1182 2090 incitatione
1204 2040 1277 2103 eit“;

733 2122 755 2157 s.
769 2109 805 2157 ad
813 2107 985 2171 Εαιηδλσιλιοι
995 2122 1110 2158 sermone
1122 2109 1232 2166 transiit,
1245 2107 1278 2157 li-

734 2180 780 2225 cet
797 2174 879 2225 Velle
896 2174 955 2239 (qui
971 2175 1104 2225 reddidit:
1126 2176 1190 2226 daec
1206 2193 1279 2242 quem

130 2245 195 2307 r'psir
219 2258 313 2292 resera
340 2240 386 2304 (ex
408 2257 475 2292 vero
498 2242 522 2291 si
546 2242 684 2293 iudicetur
733 2245 834 2294 ratione
861 2242 1039 2308 significasset)
1069 2248 1098 2293 et
1124 2242 1278 2295 Gronovius

130 2311 188 2370 ree)
206 2317 233 2359 et
249 2310 336 2359 erdere
353 2315 407 2360 etc.
447 2309 582 2359 Similiter
598 2310 682 2375 paulo

733 2311 791 2374 (qui
800 2310 931 2360 reddidit:
944 2311 1007 2360 lece
1016 2327 1193 2361 oemsermone
1201 2314 1278 2375 sipri-

131 2383 208 2444 pest,
230 2393 293 2443 cep.
308 2375 355 2428 62:
380 2376 527 2442 σημαίνων
544 2374 577 2428 δὲ
592 2376 682 2430 ταῦτα
729 2378 845 2442 ficesret)
856 2377 1022 2428 allterhuuc
1032 2378 1122 2428 locum
1135 2379 1277 2444 accepisse

130 2444 172 2509 τῷ
194 2440 284 2510 λόγῳ,
308 2444 381 2494 haec
400 2450 544 2511 postquem
567 2462 601 2496 ex
623 2447 683 2496 veri
732 2446 887 2495 videantur.

131 2514 243 2564 ratione
267 2512 313 2576 (ex
334 2513 376 2562 rei
396 2511 525 2575 veritate)
547 2513 681 2574 ostendit3

132 2588 195 2632 eut:
213 2586 360 2646 postquem
373 2581 507 2641 ostendit,
521 2597 550 2631 re
564 2597 631 2632 vere
646 2582 682 2644 (si

131 2654 209 2700 recte
227 2665 273 2699 res
283 2648 456 2711 aestimetur)
473 2649 524 2699 hoo
538 2649 578 2699 ita
590 2649 680 2700 esse.'‘

132 2719 212 2779 Quee
230 2715 300 2767 mihi
317 2716 471 2781 speciosius
492 2732 573 2781 qnam
590 2718 682 2768 verius

132 2787 276 2850 disputete
294 2784 435 2834 videntur:
454 2784 502 2835 vix
525 2785 597 2834 enirn
613 2784 682 2835 Illud

131 2846 207 2918 λόγῳ
219 2853 246 2903 1ι.
260 2851 281 2902 1.
295 2852 381 2902 eliam
399 2855 453 2902 vim
471 2852 586 2903 hebebit
599 2859 681 2918 etque

131 2923 161 2973 in
174 2920 315 2971 similibus
327 2918 522 2984 locutionibus,
536 2920 633 2984 quales
641 2922 682 2971 iu·

768 2501 826 2564 ἔστ’
843 2500 881 2562 oie
904 2505 1049 2578 διηκόσιαι
1069 2506 1132 2571 νέες
1149 2528 1174 2562 ιι.
1196 2527 1219 2563 τ.
1238 2509 1275 2579 λ]

734 2581 813 2632 Cous.
831 2585 900 2631 nott.
923 2581 959 2631 ed
975 2578 1056 2642 VIII,
1080 2578 1093 2628 l
1114 2579 1148 2628 de
1166 2581 1278 2630 nerium

733 2664 854 2699 numero.
882 2648 924 2698 Ad
936 2648 1025 2713 ipsam
1037 2648 1204 2698 sententiam
1217 2663 1277 2713 per·

733 2718 831 2778 tinent,
842 2731 912 2781 quae
923 2714 1166 2780 epudAeschylum
1176 2715 1204 2763 iu
1215 2715 1278 2765 Per-

733 2786 772 2835 eis
784 2784 925 2849 leguntur,
943 2783 991 2832 ubi
1003 2783 1121 2834 Atossee
1133 2784 1277 2847 quaerenti

734 2852 784 2914 (vs.
791 2850 852 2914 347)
860 2870 873 2928 :r
881 2842 919 2902 ἔτ’
926 2836 975 2915 ἆρ’
986 2840 1112 2917 Ἀθηνῶν
1122 2840 1180 2901 ἔστ’
1189 2840 1276 2916 α’πόρ-

732 2920 824 2986 δητος
836 2919 916 2978 πολις
927 2920 1042 2970 nuntius
1053 2918 1214 2984 respondete

407 3016 474 3071 δεοὶ
486 3014 570 3072 πόλιν
583 3013 700 3083 σώζουσι
713 3015 867 3079 Παλλάδος
878 3019 966 3079 θεᾶς·

406 3078 523 3152 ἀνδρῶν
535 3083 590 3154 γαρ
603 3081 693 3140 ὄντων
706 3084 788 3153 ἕρκος
801 3080 877 3140 ioris
889 3081 1026 3155 despuitis.

165 3182 316 3257 οὐδαμοὺς
339 3182 394 3254 γὰρ
414 3181 555 3256 Ἑλλήνων
577 3181 683 3249 αὖτοὺς

131 3251 267 3319 luamus
285 3249 533 3321 διακρούσεσθαι]
552 3259 609 3309 ie.
626 3263 681 3309 nul-

129 3334 170 3378 los
186 3329 253 3379 enin
268 3327 331 3390 sore
345 3328 470 3385 Graecos,
489 3329 533 3393 qai
548 3332 680 3404 lpsos'sp·

128 3398 280 3461 predicator
289 3399 424 3459 repellent.
438 3394 484 3445 Sic
494 3394 605 3445 verbum
612 3410 682 3445 απο-

130 3456 294 3527 ιρσύεσθαι
306 3463 354 3524 IV,
367 3461 427 3513 200.

320 3630 387 3682 Cer.
405 3630 493 3682 an.

159 3729 251 3802 λέγων
259 3733 370 3800 μᾶλλον
380 3725 605 3799 ἐπεστραμμένα]
618 3733 679 3785 scil.

132 3798 202 3869 ἔκηε
216 3804 363 3868 asperiora,
377 3804 546 3853 concitatiore
554 3802 632 3852 verbe
641 3802 681 3851 in-

130 3872 239 3938 telligit
250 3869 508 3936 Schweighaeuser,
518 3870 609 3920 citens
618 3870 679 3933 VII,

133 3939 183 3990 loc
194 3939 254 4003 (uhi
266 3938 323 3989 vid.
338 3935 436 4001 nctt.];
449 3938 556 3989 lecobs.
570 3938 599 3986 in
610 3937 682 3988 Atti-

130 4010 186 4069 eis,
206 4006 256 4057 ubi
268 4007 343 4056 huuc
355 4005 443 4055 locum
457 4006 577 4071 recepit,
596 4004 682 4070 expli-

131 4081 180 4127 cet
198 4075 287 4126 verbe
304 4089 425 4129 πεννοειι,
445 4079 546 4139 prema,
570 4080 681 4138 strenpe,

130 4142 347 4194 neelrdri'sckdelre
370 4142 474 4201 lione,
493 4141 616 4208 proprie:
639 4142 682 4190 mit

131 4212 218 4275 Krest
230 4211 297 4261 ιιασλι
309 4211 390 4261 einen
403 4210 470 4260 Ziele
480 4210 681 4276 pescltlenderte,

734 3207 786 3257 que
808 3191 950 3242 orationis.
984 3190 1124 3240 Plutarch.
1142 3188 1276 3240 Themist.

734 3275 795 3324 cup.
812 3258 850 3311 ll.
864 3258 918 3308 hec
931 3259 960 3308 in
972 3273 1000 3307 re
1013 3258 1082 3307 dicit
1095 3248 1276 3321 ἐπιστρέφειν

732 3320 897 3390 τὸνλόγον,
921 3328 962 3376 dr'e
978 3325 1095 3389 Spraehe
1116 3327 1228 3387 ιῐοσενιι,
1247 3331 1277 3375 nt

732 3394 822 3445 reddit
831 3394 953 3447 Sinteuis
961 3409 997 3458 pa
1019 3391 1077 3455 .79,
1088 3392 1203 3441 eundem
1214 3407 1277 3456 quo·

733 3477 784 3528 que
802 3462 978 3512 Herodoteae
999 3410 1150 3510 Vocutionis
1166 3474 1277 3509 sensum

733 3530 822 3579 videri
835 3529 978 3579 adiiciens.
1014 3529 1102 3577 Erunt
1118 3527 1205 3592 igitur
1216 3526 1243 3577 h.
1256 3526 1275 3577 l.

731 3598 818 3649 verbe
831 3611 964 3647 conversa
981 3596 1009 3657 (e
1027 3595 1112 3661 prlori
1125 3595 1183 3645 scil.
1196 3593 1276 3646 modo

732 3665 833 3716 leniter
848 3664 990 3739 loquendi:
1013 3659 1076 3714 τότε
1091 3654 1146 3728 μὲν
1160 3663 1202 3713 ait
1214 3678 1275 3728 cap.

731 3731 765 3783 60
777 3733 839 3782 init.
855 3732 947 3797 ηπίως
964 3723 1035 3795 πρὸς
1051 3725 1103 3781 τὸν
1114 3727 1277 3794 Κορίνθιον

732 3791 888 3865 desidero)
900 3800 978 3850 uerba
995 3801 1143 3863 asperiora,
1162 3800 1275 3849 σοιισιλσ·

731 3873 809 3921 tiore.
828 3868 895 3918 Inde
907 3868 935 3917 iu
945 3868 1079 3916 Thesaur.
1087 3865 1275 3930 Liug.Greec.

732 3937 785 3987 111.
803 3951 830 4001 p.
847 3934 911 3985 1811
931 3935 972 3985 ed.
990 3933 1118 3984 Diudcrl.
1139 3933 1275 3983 redditur:

731 4006 827 4054 maiore
839 4007 943 4069 loquens
955 4005 1102 4053 σσιδοιοοίιι.
1124 4002 1183 4050 Nec
1194 4001 1277 4051 aliter

733 4071 822 4122 locum
840 4070 973 4137 iutelligit
988 4070 1102 4149 Negrie,
1122 4068 1157 4118 ed
1173 4069 1275 4119 Herod.

732 4141 760 4199 Ι,
773 4138 807 4190 30
819 4137 878 4202 (uhi
891 4131 1096 4202 intereresse,
1109 4136 1179 4201 quod
1191 4136 1277 4201 expli·

734 4213 781 4258 cet
801 4205 922 4271 ζωηροὶς)
943 4206 1015 4256 1ιοσσ
1037 4204 1123 4256 verbe
1140 4205 1275 4265 excitans,

132 4295 221 4345 eoque
247 4279 336 4330 etiem
359 4277 457 4338 relcrt,
487 4277 557 4397 :de
582 4276 683 4329 dicitur
732 4274 827 4326 eddite
853 4275 1017 4341 Neogreece
1047 4272 1277 4337 iuterpreteticue

133 4338 296 4413 ἐπιστροφὴ
314 4343 366 4396 τοῦ
383 4338 469 4410 λόγον
506 4361 522 4398 e
538 4346 566 4397 vi
578 4344 682 4396 nervis·

732 4342 798 4394 hec:
812 4333 917 4408 ὁμιλῶν
929 4334 982 4407 μὲν
991 4336 1195 4405 περισσοτέραν
1206 4349 1276 4402 σφο-
