2900 5122
1133 401 1195 463 285

424 392 685 454 CALLIOPE.
708 397 768 455 IX.
787 404 831 458 41.

78 591 140 650 ιον,
172 570 367 654 Μαρδονίου
395 564 433 634 δὲ
459 566 652 654 ἰσχυροτέρη
679 591 715 635 τε
742 567 798 635 καὶ
823 561 1112 655 ἀγνωμονεστέρη,
1141 570 1196 636 καὶ

77 660 211 753 οὐδαμοῖς
237 667 543 755 συγγινωσκομένη·
580 667 709 736 δοκέειν
737 694 773 735 τε
801 663 864 756 γάρ
893 670 1006 759 πολλῷ
1032 672 1196 758 κρέσσονα

78 764 226 854 εἶναιτὴν
247 770 413 858 σφετέρην
435 764 592 857 στρατιὴν
615 770 672 855 τῆς
694 763 899 857 Ἑλληνικῆς,
928 766 1132 857 συμβάλλειν
1159 797 1196 839 τε

76 863 126 954 τὴν
144 876 310 957 ταχίστην,
338 869 423 958 μηδὲ
440 872 599 959 περιορᾶν
616 872 881 959 συλλεγομένους
900 876 947 939 ἔτι
965 873 1110 952 πλεῦνας
1127 875 1196 941 τῶν

77 973 340 1059 συλλελεγμένων·
363 967 404 1040 τά
425 997 461 1040 τε
483 967 610 1058 σφάγια
631 968 672 1040 τά
690 966 949 1061 Ἡγησιστράτου
974 975 1031 1042 έάν
1054 980 1195 1065 χαίρειν,

76 1070 144 1157 μηδὲ
164 1069 350 1161 βιάζεσθαι,
374 1066 457 1140 άλλά
474 1069 564 1164 νόμῳ
582 1075 630 1165 τῷ
645 1075 807 1162 Περσέων
823 1073 1031 1163 χρεωμένους
1048 1072 1194 1164 συμβάλ-

77 1226 278 1297 miseramina
288 1234 367 1285 codd.
383 1236 426 1285 De
438 1216 597 1301 argumento
649 1239 693 1287 bis
705 1230 877 1304 συμβάλλειν
889 1251 924 1287 τε
937 1231 991 1302 τὴν
1002 1236 1146 1304 ταχίστην,
1160 1255 1194 1290 ea

77 1300 169 1353 loeisle
189 1303 437 1368 λίίιιειλίνμιίιι.Ι
461 1303 538 1365 ,,Αδί
563 1304 598 1354 ad
649 1305 771 1371 pendent
783 1306 818 1355 ab
832 1306 1009 1356 antecedenti
1021 1299 1119 1372 γνώμη
1132 1322 1193 1356 sen·
1293 1318 1300 1329 ·

77 1368 118 1426 Ill,
132 1372 152 1420 2.
184 1372 268 1421 Putes
287 1387 321 1421 ex
337 1370 517 1436 praecedenti
535 1387 598 1421 eon·
650 1373 818 1437 tertiamque
829 1373 904 1422 illam
915 1373 1052 1423 blardonii
1062 1375 1194 1425 aeriorem

76 1435 202 1488 saltatione
215 1443 243 1488 et
255 1438 389 1488 Artabazi
402 1437 598 1500 (laudatissimi
649 1441 786 1503 indicant,
805 1455 872 1506 qua,
891 1456 954 1490 suas
967 1441 1134 1506 (Persarum)
1147 1458 1193 1491 eo·

77 1505 117 1553 riri
132 1505 173 1555 lib.
185 1505 266 1569 VIII,
283 1504 341 1569 121)
360 1506 513 1567 sententia,
532 1506 598 1556 ube·
649 1508 711 1574 pias
727 1508 842 1559 Graecis
860 1508 943 1558 multo
959 1510 1115 1574 superiores
1132 1525 1193 1560 esse

75 1573 182 1622 reniam
203 1580 259 1622 tum
280 1573 448 1639 proditorum
465 1573 495 1622 in
513 1573 598 1624 Grae·
650 1591 710 1626 oum
729 1577 913 1638 existimaret,
931 1576 994 1625 inde
1013 1592 1093 1641 quam
1108 1576 1194 1627 eeler-

75 1639 123 1687 eiae
133 1641 235 1691 urbibus
253 1640 407 1706 pullulasse
420 1647 593 1707 proventum:
646 1644 714 1693 rime
727 1643 859 1708 congredi
870 1643 957 1694 voluit
969 1659 1057 1708 neque
1070 1645 1192 1695 comunit-

75 1707 110 1769 qui
119 1708 214 1771 quidem
223 1710 364 1759 succrevit
373 1708 596 1758 laetissimePlri·
646 1718 720 1765 tere,
737 1717 768 1760 ut
784 1711 877 1775 plures
897 1712 979 1761 etiam
992 1711 1115 1774 (Graeci)
1129 1727 1193 1762 eon·

74 1772 396 1839 lppillaeedonis-aevo,
415 1778 596 1826 teateDemo·
647 1780 787 1843 venirent,
811 1793 892 1842 quam
909 1779 955 1844 qai
977 1778 1032 1828 iam
1049 1781 1192 1830 convenis-

73 1840 144 1890 stlrea
154 1859 199 1909 pro
209 1844 309 1894 Corun.
320 1860 386 1909 pag.
396 1842 442 1893 145
454 1839 529 1960 Epag.
536 1844 594 1905 245,

74 1906 208 1976 limidi,
220 1912 268 1962 ubi
282 1917 377 1961 orator
388 1927 442 1961 non
472 1911 596 1973 iffitetur,

72 1979 597 2111 ttfittttttlttttttttttlr

73 2111 213 2176 suboluerit,
236 2114 313 2165 hand
330 2115 523 2178 negaverim.“
557 2115 597 2163 Ae

72 2192 126 2228 aare
140 2183 219 2232 verba
238 2183 353 2233 adiecta
372 2182 428 2232 tale
448 2182 513 2247 quid
525 2182 597 2231 indi·

73 2261 123 2296 eare
131 2249 264 2300 ridentur:
279 2242 318 2308 ὠς
328 2244 495 2315 προειδότος
506 2247 597 2300 nitria

72 2311 254 2381 τιιιλιουτου,
268 2319 289 2366 i.
298 2324 355 2366 eat
367 2319 410 2383 qai
419 2317 595 2380 (Artabazus)

72 2386 131 2432 ιλιι
151 2389 251 2450 arreptius
275 2387 340 2451 ηιιίιί
360 2390 404 2435 illo
430 2383 595 2448 (Mardonia)

71 2453 226 2515 procuderet,
251 2469 272 2503 s.
294 2460 324 2503 ut
342 2455 387 2518 qui
405 2453 510 2503 maiora
526 2453 595 2503 adeo

73 2531 136 2579 qnam
152 2519 195 2570 ille
214 2521 397 2586 praeviderat
408 2525 499 2570 mente
511 2525 595 2585 atque

26 2598 34 2619 ⁶
72 2587 251 2650 praescitarum
264 2593 298 2637 nt
309 2603 459 2652 sanequam
468 2587 515 2637 ille
527 2604 600 2638 eom·

73 2655 180 2705 nereium
197 2656 336 2722 quoddam
352 2655 482 2706 habuisse
499 2655 593 2706 videa·

72 2724 107 2767 tur
116 2737 167 2772 eum
180 2724 298 2774 Graecis
311 2723 489 2789 quibusdam,
508 2725 595 2789 quiin

648 1850 717 1900 sent.

682 1909 718 1963 τά
730 1927 760 1990 τε
772 1905 883 1978 σφάγια
894 1938 926 1947 -
940 1906 1014 1979 μηδὲ
1027 1905 1192 1980 βιάζεσθαι]

648 1975 683 2031 τά
694 1994 804 2046 σφαγια
814 1988 877 2031 aunt
884 1997 970 2037 roera,
981 1984 1108 2039 uictimae,-
1120 1983 1192 2032 unde

649 2064 703 2099 non
716 2049 844 2100 differunt
855 2042 890 2099 τά
903 2042 983 2114 lepti,
997 2049 1069 2100 enni.
1083 2050 1135 2109 IX,
1148 2050 1192 2100 45.

648 2116 691 2167 ol.
713 2116 755 2167 62.
798 2118 980 2168 Locutionem
1004 2108 1056 2167 iae
1080 2115 1194 2182 χαίρειν

648 2184 757 2249 (mitrata
777 2186 881 2249 faeere,
905 2201 956 2235 non
978 2184 1095 2249 earcere),
1120 2201 1192 2250 quae

649 2254 732 2302 etiam
751 2258 842 2303 exstat
859 2253 911 2314 IX,
929 2252 978 2315 45,
997 2253 1080 2317 attigi
1097 2254 1132 2303 ad
1145 2254 1191 2313 IV,

649 2320 707 2369 112.
738 2320 938 2371 Valckenarius
956 2319 1119 2370 laudaverat
1130 2321 1194 2371 Pla·

647 2392 703 2437 ton.
717 2388 786 2437 Crit.
798 2403 862 2454 pag.
873 2388 942 2436 aba,
956 2384 1017 2450 (abi
1029 2387 1190 2438 Stallbaum.

646 2471 711 2520 pag.
724 2454 769 2503 lll
783 2460 928 2521 praeterea
940 2454 1037 2503 laudat
1045 2455 1191 2504 Heindorf.

648 2523 683 2573 ad
695 2523 841 2573 Theaetet.
852 2537 914 2588 pag.
924 2520 974 2571 441
989 2528 1017 2571 et
1029 2522 1116 2586 ipsam
1126 2522 1191 2571 Val-

648 2590 760 2640 elreuar.
779 2590 813 2639 ad
830 2589 954 2654 Euripid.
971 2588 1113 2654 Hippolyt.
1132 2588 1191 2653 113)

646 2659 759 2708 lsoerat.
776 2659 893 2724 Trapez.
914 2672 978 2723 pag.
998 2654 1048 2707 364
1061 2656 1090 2708 C.
1116 2654 1191 2722 [ουρ.

649 2724 687 2775 14.
698 2727 721 2787 ξ.
732 2723 775 2791 29]
786 2724 910 2790 Xenoph.
921 2724 1008 2774 Anah.
1020 2724 1079 2787 VII,
1090 2723 1114 2774 3.
1124 2726 1148 2786 §-
1158 2725 1192 2775 23

72 2786 167 2853 lingulis
183 2791 345 2842 civitatibus
362 2790 475 2840 multum
492 2791 596 2856 pollen·

72 2857 105 2903 tes
122 2857 186 2908 elam
208 2875 271 2910 eam
295 2859 382 2909 Perea
400 2864 595 2923 transegerant

73 2922 164 2989 eiusque
175 2932 267 2991 partes
281 2942 326 2976 am
348 2926 404 2976 lexi
417 2932 505 2977 erant.

91 2982 239 3061 ίσινριτέρη
248 3009 282 3045 τε
293 2943 346 3044 καλ
352 2983 593 3060 άγνωμονεστὲρη,

72 3054 109 3107 ut
116 3052 239 3125 σίδαμιὶς
249 3055 512 3127 συγγινωσκομένη]
525 3077 595 3127 γνω-

72 3138 101 3187 ιη
110 3120 264 3195 ἰσχυροτέρη
274 3130 378 3179 dieitur
387 3131 474 3181 aerior
485 3136 596 3180 senten·

72 3191 223 3259 inmanior,
238 3202 270 3247 at
282 3197 344 3258 Vll,
360 3196 408 3246 luz
420 3189 536 3263 ίσχυρός
548 3189 596 3247 νό·
647 3199 810 3249 carebimus.
841 3198 936 3249 Noluit
949 3200 1020 3249 euim
1033 3198 1081 3248 ille
1094 3202 1139 3248 aim
1152 3204 1190 3248 in-

72 3273 112 3319 m
130 3269 154 3312 et
174 3266 224 3327 IV,
246 3264 301 3314 205
325 3260 441 3330 ίιχνραλ
460 3262 593 3330 τιμωρίαι
642 3268 717 3331 serre
734 3268 868 3331 arropieiia,
890 3271 921 3315 nt
941 3264 1001 3317 aeti.
1021 3267 1109 3316 invita
1127 3266 1189 3316 lita-

73 3326 120 3377 eoll.
131 3331 154 3393 1,
170 3333 210 3381 te.
233 3323 472 3399 άγιωμονεστέρη
491 3338 534 3383 est
550 3349 593 3383 ar·
645 3340 716 3384 rent.
747 3336 790 3384 Ea
806 3336 879 3384 enim
891 3333 1060 3399 significatio
1074 3338 1118 3382 est
1129 3349 1189 3383 rer·

72 3398 188 3462 mentior,
198 3402 326 3464 snoeiur,
339 3405 370 3449 at
382 3400 595 3466 Schweighaeu-
645 3403 674 3452 bi
687 3393 853 3467 βιάζεσθαι,
872 3401 964 3450 addito
981 3401 1142 3449 accusativo
1154 3394 1188 3451 τά

72 3475 131 3541 teras
140 3467 350 3545 ipterpretatam
369 3472 399 3517 tu
411 3468 484 3518 σουλ.
498 3469 531 3518 de
544 3484 592 3518 no·
645 3462 768 3534 σφάγια,
797 3470 831 3518 de
854 3484 906 3534 qno
923 3468 977 3518 vid.
996 3467 1137 3533 ‹ilsputata
1154 3469 1190 3519 ad

71 3534 592 3668 ιιῖειυιιιιιιωιλλλ
644 3534 1189 3670 ζιελιιιειιιιιιελῑια

70 3658 126 3730 μίση
136 3669 232 3721 dieitur
243 3672 385 3721 sententiat
396 3674 493 3721 minime
504 3686 592 3723 conoe·
644 3687 698 3733 rus,
710 3672 817 3722 reiecta
830 3687 872 3732 aa,
880 3686 960 3735 quam
971 3676 1054 3721 antea
1064 3672 1187 3734 dederat,

71 3733 128 3783 ιλιιι
138 3751 157 3786 ι.
169 3742 329 3789 consentiens
341 3754 395 3789 σιινι
406 3740 477 3801 aliie,
496 3740 593 3790 minime
644 3739 873 3804 interpretatione
891 3738 949 3800 (nee
965 3741 1080 3789 instituta
1093 3740 1188 3790 Perra-

70 3802 157 3854 oetleaa:
177 3806 211 3857 de
228 3823 283 3873 quo
300 3807 374 3856 eoni.
392 3811 453 3857 nott
480 3806 515 3855 ad
531 3806 591 3869 Vll,
643 3823 698 3856 rum
718 3822 774 3857 esre
794 3806 932 3869 violanda).
967 3806 1117 3867 Matthiae,
1142 3808 1189 3872 qui

73 3863 593 3940 ¹²3etsihoedisplicuissevideoGailio
644 3868 718 3940 μηδὲ
735 3866 886 3940 βιάζεσθαι
908 3874 980 3923 idem
1002 3889 1063 3924 esse
1081 3875 1190 3924 dixerat

71 3932 109 3991 (Le
123 3939 209 4003 philol.
228 3943 260 3992 V.
279 3957 343 4007 pag.
361 3940 437 4003 253),
460 3942 506 4007 qui
530 3941 593 3991 reli·
645 3947 728 4007 atque
740 3937 815 4009 μηδὲ
828 3933 880 3992 ἐάν
892 3934 1045 4007 βιάζεσθαι
1059 3932 1188 4001 Saurania,

70 4007 154 4063 narie
163 4008 270 4059 Galliae
280 4009 420 4059 reddenda
429 4014 520 4074 putat:
532 4016 593 4074 trop
644 4026 724 4076 neque
736 4013 896 4075 permittere,
914 4016 940 4059 at
957 4011 1069 4060 victimae
1082 4011 1188 4061 tibiales

67 4067 144 4147 ittae,
154 4081 211 4140 trop
223 4080 374 4143 έοιιγίηιιι,
387 4084 447 4141 trop
458 4092 510 4141 peu
520 4078 593 4141 relie-
644 4080 768 4143 afferant,
782 4085 811 4128 et
819 4093 929 4144 pugnae
943 4077 1057 4143 cupidos
1067 4093 1084 4127 a
1093 4093 1188 4143 pugna

644 4145 811 4209 deterreant,
823 4147 893 4196 bene
903 4146 1025 4207 subiicit,
1035 4140 1188 4210 βιάζεσθαι

69 4134 107 4185 ά
122 4166 149 4176 -
169 4143 245 4205 Quae
270 4145 344 4210 apud
361 4145 531 4195 Herodotum
548 4159 592 4194 se-

69 4212 276 4288 iffuntarrerba:
291 4205 404 4263 δοκέειν
415 4226 446 4262 τε
458 4204 513 4278 γάρ
525 4212 592 4263 ιιολ-
643 4206 679 4262 τά
692 4206 802 4278 σφάγια
819 4214 904 4264 etiam
921 4228 1001 4277 posse
1015 4229 1076 4263 ease
1088 4215 1135 4263 aim
1146 4214 1188 4291 a(—

69 4267 239 4335 ἷῼῑοεσσονα
258 4271 337 4329 εἶναι
353 4296 379 4329 ιι.
393 4294 417 4329 ι.
431 4280 517 4342 λ.,.ἰιι
535 4281 592 4344 qai·
641 4281 715 4344 serre
738 4282 843 4331 atatimir
870 4282 898 4330 ei
923 4282 959 4329 iis
983 4281 1078 4330 invitis
1106 4280 1188 4343 (προς

69 4334 108 4389 but
121 4345 251 4407 particula
263 4361 294 4398 τε
311 4349 440 4413 congruit
457 4362 518 4397 eum
530 4363 590 4397 var·
643 4346 724 4413 βίαν)
735 4364 869 4415 pugnare.
899 4347 967 4399 Mihi
983 4347 1034 4399 hoe
1047 4362 1129 4398 unum
1141 4363 1187 4399 ve·

647 2791 706 2858 [ubi
723 2794 759 2843 ei.
778 2790 925 2857 Krueger.]
942 2797 971 2842 et
988 2792 1104 2843 Luoian.
1123 2792 1144 2842 1.
1165 2809 1190 2856 p.

646 2861 695 2911 727
709 2861 773 2924 (Pro
786 2862 868 2926 Lapa.
883 2861 911 2909 in
924 2859 1006 2909 salut.
1017 2862 1041 2909 2.
1052 2859 1089 2921 3).
1113 2860 1191 2921 Quod

645 2944 710 2979 sero
728 2944 777 2994 pro
793 2921 868 2994 μηδὲ
880 2921 1031 2994 βιάζεσθαι
1050 2927 1113 2978 olim
1130 2929 1191 2993 qula

647 2998 774 3058 coniecit,
782 2995 1031 3062 probanteNegris,
1038 2987 1112 3061 μηδὲ
1119 2987 1191 3059 φρά-

646 3063 756 3125 ζειδαι,
767 3080 848 3131 neque
857 3064 1023 3114 considerare
1033 3079 1055 3113 s.
1063 3080 1142 3129 aeque
1156 3067 1192 3114 ad

645 3133 690 3182 ι’ίίο
701 3134 806 3181 armaten
815 3133 958 3193 aduertere,
973 3146 1006 3181 eo
1019 3131 1092 3180 hand
1106 3147 1190 3197 aegre
