2932 5124
208 318 271 377 2111
645 302 910 366 HERODO'PI

207 482 311 570 σύνης
328 498 413 555 τοῖσι
421 476 557 568 Ἕλλησι
572 475 789 567 Ἀθηναίους,
817 472 973 565 οὐδαμοῖς
990 470 1190 565 ἀνασχετὸν,
1217 480 1350 557 οἵτινες

209 588 274 656 αἰεὶ
292 587 346 654 καί
364 581 400 653 τὸ
419 579 519 652 πάλαι
537 587 704 671 φαίνεσθε
729 577 872 659 πολλοὺς
900 575 1188 669 ἐλευθερώσαντες
1213 573 1347 668 ἄυθροί-

209 714 291 757 πων.
317 686 545 774 Πιεζομένοισι
562 680 674 773 μέντοι
691 676 775 771 ὑμῖν
792 679 1046 769 συναχθόμεθα,
1066 682 1120 750 rial
1138 675 1189 749 ὅτι
1208 682 1402 767 ιιαρποίνσὸθ

210 786 404 879 έστερήθετε
423 789 523 869 διξῶν
540 781 621 874 ἤδη,
641 785 696 854 καὶ
713 777 763 853 ὅτι
781 780 1034 871 οἰκοφθόρησθε
1051 779 1173 871 χρόνον
1190 777 1256 869 ἤδη
1274 790 1351 851 πολ-

209 889 277 961 λόν.
314 884 388 959 ἀντὶ
412 885 541 958 τούτων
566 887 604 956 δὲ
626 881 707 976 ὑμῖν
731 882 992 973 Λακεδαιμόνιοί
1011 910 1047 953 τε
1065 884 1120 952 καί
1138 887 1173 952 οί
1187 880 1353 972 σύμμαχοι

211 993 467 1081 ἐπαγγέλλονται
484 986 645 1078 γυναῖκάς
662 1015 698 1057 τε
716 989 771 1057 καὶ
798 982 838 1055 τὰ
865 988 898 1067 ές
924 983 1069 1073 πόλεμον
1095 981 1241 1074 ἄχρηστα
1267 991 1354 1054 οἰκε-

210 1097 294 1164 τέων
314 1090 452 1182 ἐχόμενα
469 1088 577 1161 πάντα
596 1091 808 1178 ἐπιθρέψειν,
838 1083 904 1157 ἔστ’
924 1082 967 1157 ἂν
985 1082 1003 1156 ὁ
1022 1084 1162 1174 πόλεμος
1188 1081 1246 1155 ὅδε
1273 1106 1354 1157 συν·

212 1194 342 1286 εστήκη.
400 1190 462 1281 Μὴ
489 1193 526 1262 δέ
552 1187 654 1281 ὑμέας
678 1185 900 1280 Ἀλέξανδρος
925 1184 943 1258 ὁ
968 1184 1138 1259 Mercede
1161 1182 1354 1279 ἇναηυολση,

212 1296 332 1385 λεήνας
349 1294 408 1375 τὸν
427 1300 627 1382 Μαρδονίου
645 1290 757 1381 λόγον.
793 1289 901 1385 τούτῳ
924 1291 986 1381 μέν
1010 1287 1073 1380 γὰρ
1096 1293 1201 1360 ταυτα
1218 1293 1357 1378 ποιητέα
1441 1342 1442 1379 3

213 1497 339 1547 alienarii
362 1495 500 1545 medicina
518 1509 546 1543 rs
568 1500 630 1559 post
646 1487 758 1551 αἰτίους
809 1506 853 1541 res
866 1506 974 1540 suorum
986 1489 1158 1556 popularium
1175 1489 1297 1538 moribus
1309 1505 1357 1555 op·
1441 1496 1442 1517 Ι

212 1565 374 1627 inserentis,
391 1578 470 1629 quam
484 1561 648 1627 particulam
661 1561 703 1611 ita
715 1576 758 1611 so·
829 1574 914 1609 enens
927 1559 1207 1609 Lacedaemoniorum
1226 1573 1243 1607 a
1260 1574 1289 1623 p.
1305 1556 1357 1607 240

212 1628 757 1697 lamponidoceutstII,188sllnta.
809 1576 859 1694 fes
881 1665 887 1676 .
908 1626 948 1678 13.
970 1628 995 1687 5.
1012 1622 1056 1691 35]
1082 1626 1193 1676 taudem
1215 1624 1358 1675 concludit
1441 1634 1442 1643 ¹

212 1704 252 1750 Ac
270 1700 400 1766 probatur
422 1698 493 1747 haee
510 1698 667 1748 emendatio
683 1697 759 1746 Hoe·
810 1713 835 1761 p.
846 1643 933 1747 ἳδδΒ.
946 1691 1019 1759 [cap.
1029 1692 1071 1743 lib.
1084 1695 1109 1755 5.
1119 1691 1189 1758 2411,
1207 1693 1359 1771 Athenien-

213 1784 278 1834 gero
296 1768 325 1816 in
338 1769 409 1817 hett-
428 1765 505 1831 phill.
524 1766 650 1816 Menace.
664 1766 719 1827 ΙΙΙ,
732 1766 757 1814 4.
810 1779 855 1813 scs
878 1768 987 1813 veteres
1011 1762 1097 1813 fuisse
1122 1756 1287 1827 εἰρηνικους
1308 1756 1359 1811 acl

213 1854 239 1902 p.
258 1836 325 1896 otu,
341 1836 382 1883 ita
400 1840 506 1894 tamen,
526 1842 557 1882 ut
574 1832 712 1898 particula
729 1847 759 1882 τε
811 1824 983 1896 φιλέλληνας
996 1826 1045 1880 καλ
1058 1828 1109 1907 της
1122 1822 1250 1895 ἰσότητος
1262 1828 1314 1895 τῆς
1328 1821 1359 1880 ἐν

214 1909 276 1969 post
289 1895 464 1967 δουλοσύνης
482 1901 646 1959 collocetur,
665 1901 758 1951 absor-
800 1901 874 1957 ,ταῖς
895 1897 1051 1955 πολιτείαις
1073 1894 1229 1964 η’γεμόνας·
1259 1896 1358 1959 Σπαρ-

214 1977 263 2036 ptn
276 1969 335 2019 scil.
350 1970 474 2033 sequenti
488 1971 570 2018 caios.
601 1970 679 2035 Quod
693 1984 758 2019 vero
810 1959 910 2024 τιοὶτας
928 1959 960 2016 δέ
977 1956 1186 2029 διτεροπτικοὺς
1209 1961 1258 2016 καί
1275 1966 1358 2015 πολε·

214 2037 392 2088 Schaeferus
404 2035 519 2085 dederat
542 2031 650 2085 τούτων
668 2028 759 2085 ᾰταν-
810 2027 913 2101 μικοὺς
929 2030 979 2084 καλ
998 2026 1250 2092 πλεονεκτικοίς.“
1278 2035 1305 2083 V
1310 2037 1357 2083 ul·

214 2101 340 2166 sm'vrcrr,
358 2103 456 2153 merito
476 2103 548 2152 idern
560 2103 759 2167 Hoegerusrs·
811 2103 899 2154 chen.
924 2104 978 2153 Pro
992 2102 1065 2168 vulg.
1077 2096 1286 2167 πιεζευμένοισι
1295 2101 1360 2152 Flo·

214 2173 302 2239 spuit,
340 2172 465 2235 quamvis
497 2170 760 2236 Schweighaeusero
812 2168 1359 2230 rentinusliberethldinadantussto·

213 2240 369 2307 probatum,
383 2238 428 2303 qui
439 2239 473 2289 de
487 2239 649 2289 confusione
661 2239 760 2289 utrius·
812 2232 922 2303 μένοισι
942 2236 984 2300 (ut
996 2253 1090 2289 omnes
1103 2238 1180 2288 codd.
1195 2239 1222 2299 Ι,
1238 2237 1295 2287 142.
1310 2238 1358 2297 lx,

215 2323 268 2375 que
291 2308 367 2356 vocis
391 2305 464 2355 haurd
489 2306 657 2372 infrequenti
683 2306 761 2371 plura
812 2305 854 2356 ⁴20.
874 2305 935 2369 60),
955 2306 1025 2370 quod
1043 2307 1151 2371 recepi:
1172 2305 1359 2356 vidnottad

214 2376 351 2443 profert,
375 2374 453 2437 Quod
480 2375 607 2440 equidem
631 2374 708 2433 (ledi,
734 2375 762 2424 id
813 2377 841 2436 1,
857 2374 959 2425 142.-
976 2375 1094 2424 Verbum
1106 2368 1301 2439 οἰκοφθορεῖν
1318 2380 1360 2423 at·

215 2443 313 2495 Matth.
337 2441 447 2503 (ληίδα.
470 2444 493 2505 §-
511 2441 575 2505 634,
598 2443 607 2491 l
634 2444 699 2508 poni
723 2443 762 2492 ait
813 2443 864 2507 rigi
875 2441 996 2503 arvae.
1009 2442 1157 2492 Caeterum
1168 2446 1233 2507 apte
1243 2456 1305 2492 curn
1315 2441 1361 2491 his

217 2529 279 2578 pro:
301 2503 410 2562 τούτων
426 2501 564 2561 ἁπάντων
586 2505 697 2568 αἰτίους
714 2499 761 2561 ὄν·
814 2516 957 2575 comparat
970 2510 1054 2561 Grote
1073 2510 1197 2574 (History
1209 2510 1241 2560 ol
1251 2509 1360 2559 Graece

201 2596 279 2639 τας,
305 2573 417 2636 αἰτίους
440 2573 588 2643 γενέσθαι.
626 2580 666 2629 Ae
690 2579 761 2629 bene
813 2579 847 2628 V.
859 2595 885 2643 p.
899 2576 963 2642 200)
977 2593 1111 2642 ea,quae
1123 2592 1206 2643 supra
1217 2577 1298 2638 Vlll,
1314 2575 1362 2626 tes

204 2649 289 2698 hanc
298 2646 446 2697 lectionem
456 2651 548 2696 tuetur
556 2646 628 2697 Elts.
638 2645 657 2696 l.
668 2645 686 2696 l.
696 2661 761 2713 pag.
813 2646 975 2696 suadentem
986 2646 1203 2715 Atheniensibus
1221 2645 1292 2696 feeit
1305 2645 1362 2696 No·

217 2714 281 2775 343,
306 2714 444 2779 genitivos
461 2709 570 2764 τούτων
586 2704 723 2765 ἁπάντων
744 2730 762 2764 a
813 2719 871 2764 ster
879 2713 1094 2765 Themistoclem
1107 2719 1169 2779 post
1180 2728 1301 2779 pugnam
1309 2713 1360 2763 Sa·

217 2777 395 2846 δονλοσίνης
408 2781 528 2845 pendere
542 2786 632 2843 ratus,
650 2783 720 2833 adeo
733 2786 762 2832 ut
813 2782 956 2832 laminiam
974 2782 1066 2832 Persis
1083 2782 1232 2847 regressis:
1249 2779 1305 2831 ιιαί
1318 2796 1362 2839 τις

217 2849 374 2907 Herodotus
383 2848 435 2898 hoc
445 2848 761 2916 dicat:,‚praerereoqne,
814 2845 911 2914 οἰκίην
931 2863 962 2900 τε
985 2841 1203 2901 α’ναττλασοίσθω
1224 2845 1276 2900 sul
1293 2843 1361 2900 σκό-

216 2924 244 2967 ut
253 2918 329 2967 haee
341 2918 443 2965 omnio
455 2919 479 2965 r'rr
490 2921 635 2967 seruitutem
643 2920 763 2982 redipnn-
815 2933 866 2983 ρου
878 2908 993 2976 denarie
1005 2908 1103 2982 ἰηέτω,
1122 2917 1195 2968 unde
1207 2922 1303 2984 patet,
1315 2934 1362 2968 ae-

217 2992 272 3045 tur,
290 2988 410 3033 auctores
423 2985 485 3045 steri
502 2985 610 3035 Graecis
624 2987 762 3036 Athenien·
814 2986 862 3037 des
879 2985 984 3037 dirutas
1000 2985 1146 3038 reficiendi
1163 2992 1192 3037 et
1209 2990 1362 3037 sementem

216 3067 267 3113 ses,
280 3065 323 3101 res
335 3053 401 3099 ααλλο
413 3052 486 3100 merlo
495 3051 621 3114 serendo:
633 3054 680 3118 qui
692 3068 762 3104 sem-
815 3054 938 3105 iaeiendi
946 3059 1054 3119 tempus
1062 3054 1181 3105 nondum
1191 3060 1290 3105 nactos
1301 3069 1361 3105 esse

217 3134 267 3186 per
284 3122 313 3167 et
327 3117 385 3167 iam
401 3117 505 3184 pridem
522 3120 621 3177 multos
638 3122 763 3172 homiues
813 3122 1010 3184 Athenienses,
1040 3122 1144 3187 duplici
1168 3122 1279 3187 frugum
1303 3137 1363 3187 pro·

218 3186 415 3263 inlibertatqm
426 3184 667 3239 vindicaveritis‘·
696 3189 763 3239 Ver·
814 3194 899 3243 ventu
915 3192 1053 3256 privatos,
1072 3196 1101 3241 et
1117 3206 1165 3253 eo,
1186 3204 1239 3255 que
1256 3189 1362 3240 Persas

218 3255 261 3305 bis
271 3251 361 3311 ταῦτα
371 3268 487 3303 απαντα
500 3254 572 3304 idem
584 3255 704 3322 intelligi
716 3272 764 3323 pu·
814 3263 960 3308 vastantes
971 3263 1072 3308 terram
1085 3258 1160 3323 ipsos
1171 3258 1362 3323 privaverant,
1441 3256 1442 3259 ’

208 3327 262 3374 ,tat
276 3323 416 3373 moeream
430 3322 571 3373 Graeciam.
593 3323 764 3382 Eltaiumss·
816 3331 844 3375 st
864 3340 908 3387 eo,
935 3338 1014 3390 quem
1035 3341 1050 3375 s
1072 3332 1196 3376 semente
1217 3324 1314 3389 (quarn
1335 3326 1363 3375 iu

221 3396 299 3441 cutus
317 3391 444 3441 Dindorl,
463 3390 597 3440 Herodoti
619 3391 705 3443 verba
722 3394 763 3442 sic
815 3394 967 3458 proximum
984 3409 1085 3445 annum
1103 3394 1199 3443 facere
1215 3408 1270 3443 non
1285 3400 1362 3458 pote·
1441 3410 1442 3445 r

217 3459 319 3509 Latine
339 3459 489 3523 expressit:
509 3458 613 3521 „horma
624 3462 702 3524 ipitur
713 3475 764 3515 orn·
816 3460 890 3523 rant)
903 3477 1004 3527 capere
1016 3461 1087 3526 ipsis
1096 3460 1169 3510 haud
1182 3459 1271 3511 licuit.

218 3528 284 3576 ntra
312 3531 431 3575 unctores
456 3525 574 3587 Graecis,
602 3534 711 3591 praeter
732 3544 764 3577 cc
849 3520 883 3577 rei
902 3520 931 3586 ές
943 3521 1069 3595 πόλεμον
1082 3520 1211 3594 ἄχρηστα
1227 3522 1365 3580 οἰκετέων
1441 3558 1442 3589 ;

219 3594 498 3655 etiarnserur'tutiafieri
508 3594 684 3658 Athenienses,
697 3599 764 3645 nulio
817 3586 946 3662 ἐχόμενα]
965 3596 1061 3648 Servos
1076 3598 1276 3663 maestumque
1298 3597 1363 3648 terro
1441 3594 1442 3599 ’

219 3663 292 3713 modo
307 3662 379 3723 [uret
390 3661 555 3715 tolerabile.“
583 3674 587 3681 ·
817 3664 1261 3730 inutilesexplicatWesseling.ad
1272 3666 1295 3727 Ι,
1307 3664 1362 3723 lau,
1441 3650 1442 3713 l

253 3726 289 3779 οἴ
296 3743 371 3786 τινες
387 3722 448 3779 αἰεὶ
459 3728 510 3779 acl
523 3722 555 3779 τὸ
568 3722 701 3789 πάλαι-
715 3721 764 3781 α’ν·
817 3730 880 3781 coll.
899 3731 1011 3782 hristid.
1029 3733 1065 3783 11.
1087 3749 1115 3797 p.
1131 3731 1191 3782 217.
1227 3732 1271 3783 Tu
1289 3734 1363 3784 conl.

208 3792 359 3863 θρώποιν]
374 3796 455 3859 ,,Ηοο
469 3801 529 3847 erat
541 3798 763 3859 Atheniensibus,
817 3803 884 3847 nott.
903 3798 938 3849 ad
950 3800 1052 3850 Herod,
1070 3799 1088 3850 l.
1107 3799 1125 3849 l.
1145 3799 1226 3853 etad
1243 3801 1302 3862 ΙΙΙ,
1320 3800 1362 3851 25.
1441 3798 1442 3847 l

220 3864 319 3930 quibus
337 3880 445 3930 semper
462 3865 563 3916 Noster
580 3866 658 3916 favet
692 3866 764 3917 cohi.
816 3865 850 3915 ln
871 3881 948 3931 seqq.
971 3868 1006 3917 ad
1025 3866 1261 3932 'significationem
1284 3868 1363 3919 verbi

221 3926 766 4000 nott.auvl1,139etv111‚tluijei·
819 3947 975 4015 σννεστητιρ
988 3934 1025 3985 cf.
1038 3935 1102 3995 VII,
1120 3934 1167 3985 tlt
1184 3935 1280 4000 ibique
1293 3941 1362 3987 nott.
1441 3944 1442 3981 1

221 4015 300 4062 στον,
318 4006 349 4050 ut
367 4001 496 4063 arbitror,
519 3994 662 4066 αἀρόαμα.
696 4002 767 4052 Eam
819 4006 848 4051 et
865 4001 1015 4068 εδλεηνας
1036 4003 1157 4053 ηολλιιᾶ
1174 4003 1239 4064 VII,
1257 4002 1283 4053 u.
1301 4003 1363 4066 §.d

221 4071 249 4127 in
262 4084 319 4118 rem
332 4068 458 4134 exempla
470 4083 576 4134 quoque
587 4072 697 4128 vetera,
710 4069 766 4119 He·
818 4069 974 4134 Schweigh.
991 4071 1020 4119 iu
1031 4071 1100 4121 Lex.
1113 4070 1216 4120 Herod.
1233 4070 1272 4120 11.
1292 4089 1318 4137 p.
1331 4069 1365 4122 et

221 4135 317 4188 rodoto
340 4141 407 4187 notu
432 4144 515 4201 atque
539 4136 588 4187 illo
612 4137 767 4188 recentiora
818 4137 942 4203 exponit:
967 4140 1114 4203 „ternpore
1131 4139 1273 4189 orationem
1286 4141 1363 4190 alica·

222 4203 393 4271 collegerunt
416 4206 445 4255 in
468 4203 686 4254 Panathenaicis
709 4205 766 4255 suis
816 4208 888 4255 icas.
902 4205 1160 4270 λοιοαυιειρλαίιτατα
1170 4208 1363 4272 redderemus
1441 4234 1442 4241 ι

221 4274 360 4324 Isocrates
378 4272 567 4334 ethristides3
586 4285 699 4336 quorum
712 4288 767 4324 mo·
817 4273 931 4323 lucilius
954 4274 983 4324 in
1008 4274 1127 4325 animum
1148 4274 1234 4325 intret
1256 4275 1363 4326 audito·
1441 4282 1442 4349 ᾗ
