2984 5154
245 342 284 406 12
681 337 949 400 HERODOTI

246 514 473 604 ἐμηχανίοντο.
506 514 574 582 των
598 514 685 581 vecto
702 506 859 581 ἁπασέων
876 507 1116 599 ἀποκρίναντες
1142 514 1311 598 διηκοσίας
1329 536 1385 579 πε·

245 619 427 705 ριέπεμιτον
445 618 572 698 ἔξωθεν
588 610 761 701 Σκιάθου,
785 609 829 694 ὡς
855 606 897 682 ἂν
921 608 966 701 μὴ
983 608 1133 700 όφθίωσι
1158 605 1224 681 ὑπὸ
1242 614 1310 681 των
1328 638 1386 681 πο-

246 725 370 807 λεμίων
389 714 636 806 περιιυλτόουσαι
655 711 805 803 Εὔβοιαν
823 711 905 784 κατά
923 741 958 783 τε
976 715 1140 804 Καφηρέα
1157 715 1212 783 καλ
1231 715 1306 803 περὶ
1325 722 1386 783 Γε-

246 816 381 909 ραιστόν
404 821 437 899 ἐς
459 814 518 889 τόν
542 814 710 907 Εὔριπον,
740 822 797 886 ἵνα
821 812 863 905 δὴ
886 813 1114 906 περιλάβοιεν,
1140 820 1175 885 οἱ
1195 815 1256 904 μὲν
1280 813 1387 905 ταύτῃ

167 948 172 956 ·
244 917 438 1009 ἀπικόμενοι
462 921 517 988 καὶ
542 916 726 1009 φράξαντες
751 914 862 988 αὐτῶν
886 915 947 1006 την
969 913 1075 988 ὀπίσω
1099 919 1271 1007 φέρουσαν
1293 912 1386 1003 ὁδόν,

245 1040 342 1111 σφεῖς
366 1022 402 1091 dt
427 1018 639 1110 ἐπισπόμενοι
659 1023 690 1103 ἐξ
710 1023 869 1108 ἐναντίης.
902 1024 1005 1090 ταῦτα
1029 1016 1290 1108 βουλευσόμενοι
1308 1014 1387 1088 ἀπέ-

246 1151 376 1213 πεμπον
398 1126 465 1192 των
487 1126 575 1192 νεών
598 1119 655 1202 τοὶς
679 1129 876 1211 ταχθείσας,
901 1118 996 1192 αὐτοὶ
1018 1117 1081 1191 οὐκ
1106 1124 1142 1190 ἐν
1165 1118 1232 1214 νόῳ
1257 1127 1388 1210 ἔχοντες

245 1224 366 1314 ταύτης
384 1228 441 1314 τῆς
464 1219 585 1314 ἡμέρης
604 1240 689 1293 τοῖσι
704 1220 840 1312 Ἕλλησι
860 1222 1098 1312 ἐπιθήσεσθαι,
1123 1218 1203 1292 οὐδὲ
1226 1220 1389 1312 πρότερον

245 1321 320 1415 det
338 1324 496 1450 σύνθημά
519 1347 579 1416 σφι
604 1332 718 1414 ἔμελλε
741 1323 954 1416 φανήσεσθαι
979 1322 1068 1415 παρὰ
1090 1328 1158 1395 τῶν
1181 1321 1388 1414 περιπλωόν·

245 1458 314 1499 των
336 1458 379 1510 ως
404 1423 564 1548 ηκόντων.
598 1425 720 1508 ταύτας
743 1428 806 1516 μὲν
830 1424 871 1515 (λη
896 1429 1136 1517 περιέπεμπον
1168 1429 1236 1495 των
1262 1427 1336 1494 (λλ
1322 1451 1390 1494 ιοι

222 1534 340 1603 crebo
357 1558 445 1601 νεων
463 1533 500 1600 ίν
516 1552 591 1652 τησι
607 1524 760 1618 Ἀφίτησι
775 1531 946 1598 ἐποιεῦντο
963 1523 1117 1618 ιἰριθμόν
1160 1522 1214 1598 Ἐν
1232 1527 1269 1596 (λλ
1280 1525 1389 1620 τούτῳ

245 1661 292 1725 τφ
310 1630 434 1726 χρόνῳ,
460 1621 551 1702 ἐν
521 1660 548 1724 φ
570 1660 662 1701 ουτοι
680 1627 826 1720 ἀριθμόν
844 1634 1017 1700 ἐποιεῦντο
1038 1658 1107 1699 των
1131 1632 1235 1715 νεῶν,
1260 1657 1303 1717 ην
1325 1657 1390 1719 γαρ

247 1704 285 1805 ἐν
313 1737 359 1827 τῷ
388 1737 600 1826 στρατοπέδῳ
628 1730 735 1827 τούτῳ
759 1740 928 1820 Σκυλλίης
951 1742 1156 1819 Σκιωναῖος,
1188 1728 1290 1819 δύτης
1320 1759 1391 1801 των

247 1934 372 1983 minister
395 1934 500 1997 ipnifer,
525 1933 571 1997 qui
592 1933 620 1981 in
644 1932 792 1996 Spartano·
845 1930 1292 1996 quodolimfeceratneuiragium
1302 1929 1390 1980 Grae-

247 2016 305 2050 rum
319 2001 539 2065 expeditionibus
553 2000 643 2049 facem
659 2000 792 2049 exercitui
845 2015 937 2050 corum
961 1998 1059 2049 claeeie
1076 1999 1160 2048 Troid
1180 2003 1335 2059 revertens,
1361 1998 1391 2047 iu

247 2069 439 2133 praeferebat,
462 2083 569 2117 sacrum
587 2069 679 2132 ignem
699 2081 792 2116 secum
844 2067 975 2116 Euboeae
988 2066 1175 2116 meridionalia
1189 2067 1268 2132 apice
1279 2067 1390 2116 situme

247 2136 401 2200 gestabat
394 2150 508 2200 ipseque
521 2135 584 2184 inde
598 2140 793 2184 sacrosanctus
844 2136 956 2199 regione
968 2135 1055 2184 Andri
1067 2134 1183 2184 insulae.
1211 2135 1289 2183 Nune
1302 2134 1391 2183 fertur

246 2203 412 2253 habebatur
449 2202 501 2264 Qui
519 2202 583 2251 inde
607 2202 631 2251 ei
648 2202 792 2252 oocubnie·
843 2202 899 2252 loci
917 2218 1016 2253 nomen
1036 2195 1200 2267 ξυλοφυίχον
1227 2203 1256 2265 (i.
1278 2217 1301 2252 e.
1319 2204 1392 2266 λίμνα

247 2278 303 2331 set,
323 2286 417 2320 omnes
430 2269 561 2334 reliquos
581 2271 621 2319 rta
634 2276 665 2319 ut
678 2285 710 2318 ne
724 2285 791 2319 nun
843 2270 979 2334 devorans)
992 2269 1037 2321 vel
1051 2272 1120 2334 Cape
1132 2271 1220 2321 d'Oro
1248 2271 1309 2319 Nou
1321 2268 1391 2319 mul-

246 2309 303 2387 tius,
316 2338 424 2402 quidem
443 2337 612 2387 calamitatis
626 2343 791 2402 superesset,
844 2344 900 2387 tum
918 2338 982 2387 binc
995 2338 1119 2388 distabat
1132 2340 1270 2389 Geraectne
1285 2342 1312 2386 et
1325 2338 1391 2388 urba

247 2406 349 2456 obiisse
363 2406 502 2456 dicebant.
536 2406 599 2454 Vid.
613 2406 690 2455 Xeno
710 2406 736 2456 h.
749 2407 791 2455 De

247 2473 352 2538 republ.
372 2473 474 2523 Laced.
494 2490 517 2523 c.
539 2472 577 2523 13.
601 2474 623 2533 ἓ.
642 2474 667 2522 2.
690 2422 709 2524 ξ
729 2473 791 2523 coil.

248 2541 335 2591 Stnrz.
343 2543 409 2591 Lex.
417 2541 592 2606 Xenophont.
600 2542 650 2591 III.
662 2558 725 2607 pag.
733 2539 791 2591 766.

246 2609 705 2674 Add.Iahn.inPelamed.pag.54,
719 2609 792 2658 Wei-

248 2677 327 2727 ckor:
342 2677 502 2741 Nachtr'dga
515 2694 538 2727 z.
550 2676 790 2741 nescnyturilog.

247 2761 310 2810 pag.
329 2742 360 2794 31
380 2761 436 2809 req.
478 2745 555 2794 Scite
578 2744 717 2809 proverbii
738 2745 793 2793 vim

246 2812 397 2863 vernacule
410 2813 451 2861 nic
464 2813 584 2861 reddidit
595 2812 733 2875 Longius:
748 2828 793 2873 „ea

246 2883 319 2929 eolice
337 2881 400 2929 αατλ
420 2879 513 2928 λεῖπε
531 2880 621 2929 Mane
642 2878 792 2929 dueentem-

247 2952 331 2996 men.“
343 2973 375 2983 -
393 2947 446 2995 Pro
466 2940 525 2997 ἔδει
540 2951 656 2997 recenti.
671 2947 731 2996 edd.
745 2963 791 2998 ex·

246 3014 394 3064 bibnerunt
406 3008 482 3075 ἔδεε,
501 3013 580 3064 librie
596 3015 651 3064 acri
673 3015 708 3064 tis
720 3015 791 3064 invi·

248 3082 297 3133 tie:
316 3087 347 3132 tu
357 3081 413 3133 vid.
427 3087 494 3133 nott.
509 3083 544 3132 ad
557 3083 618 3145 VII,
666 3120 673 3133 .

446 3253 512 3303 One.
530 3252 592 3303 VII.

283 3348 393 3417 ἔξωθεν
405 3346 554 3420 Σκιάθου]
572 3356 615 3405 De
632 3354 685 3403 hac
699 3353 791 3402 inania

246 3423 302 3473 vid
316 3423 512 3485 nott.adV11,
528 3422 583 3474 116.
622 3424 654 3472 In
668 3424 790 3486 proxime

249 3491 477 3541 antecedentibus
491 3490 526 3540 ed
540 3482 733 3557 ἐμηχανόωντο
746 3490 790 3549 (de

248 3573 302 3623 qua
314 3559 392 3609 verbi
407 3560 494 3609 torma
507 3559 560 3609 vid
573 3563 642 3609 nott
656 3557 691 3607 ad
704 3558 727 3605 V
730 3556 791 3632 ,63)

248 3630 340 3677 mente
354 3627 505 3677 addendum
524 3618 670 3677 ἐκεῖνοιε.
683 3641 698 3675 o
700 3596 792 3690 [doio

249 3693 341 3771 βαροι.
358 3720 392 3731 -
410 3695 450 3746 dd
467 3701 631 3746 structuram
648 3694 792 3743 verborum

247 3749 395 3882 ἔςιτχνῧχχὴ
412 3753 541 3827 ὀφθέωσι
560 3762 612 3813 vid.
631 3766 697 3811 nott.
718 3762 752 3811 ad
771 3761 792 3823 1,

281 3890 355 3948 κατοὶ
372 3913 403 3949 τε
419 3892 561 3964 Καφηρέα
582 3894 632 3948 καλ
654 3893 720 3961 περὶ
743 3896 792 3946 Γε

248 3957 373 4032 ραιοτὸν]
393 3966 572 4028 Schaeferne,
594 3980 672 4031 quem
690 3965 789 4015 Mattb.

248 4038 277 4081 et
297 4048 370 4084 rece.
393 4033 453 4083 edd
471 4034 534 4083 inde
557 4051 573 4083 a
590 4033 677 4084 Bekre
700 4033 790 4083 secuti

248 4106 317 4163 sunt,
326 4102 430 4151 delevit
437 4117 510 4166 περι,
519 4101 589 4167 qnod
600 4118 693 4151 omnes
703 4100 789 4159 codd,

248 4175 365 4233 excepto
389 4185 442 4220 nuo
461 4169 601 4220 Sancrofti
617 4170 702 4231 libro,
726 4169 790 4218 reti·

248 4241 322 4287 nent.
351 4238 497 4302 Orphanene
509 4238 654 4287 dicebatur
665 4252 790 4303 promou-

247 4305 346 4354 torium
375 4307 492 4356 maxime
522 4307 717 4371 importunum,
756 4304 791 4354 ad

845 2409 873 2455 et
890 2411 996 2471 portus,
1021 2408 1099 2461 cuiue
1123 2406 1177 2455 iam
1199 2405 1271 2471 apud
1288 2406 1390 2456 Home·

844 2489 902 2524 rum
912 2475 1015 2524 mentio
1026 2473 1122 2538 odyss.
1133 2475 1182 2535 111,
1197 2473 1252 2523 177.
1274 2474 1317 2522 Tu
1325 2473 1391 2524 vide

843 2542 996 2604 Thucydid.
1016 2541 1100 2603 111,3
1118 2541 1184 2606 ibiq.
1202 2541 1341 2591 Wnesium
1361 2546 1391 2591 et

844 2611 966 2674 Poppon.
980 2610 1073 2659 T.1.·2.
1086 2609 1178 2675 peto,
1193 2609 1390 2673 Forbigcrum:

843 2677 953 2727 Handb.
972 2677 997 2727 d.
1018 2677 1065 2727 alt.
1080 2677 1237 2743 Geograph.
1256 2677 1306 2727 111.
1323 2693 1389 2744 pag.

847 2743 912 2794 1019
929 2751 957 2794 et
977 2745 1053 2806 1020,
1079 2746 1123 2795 cui
1142 2746 1203 2796 odd.
1223 2744 1321 2795 Girard
1345 2746 1390 2794 in:

843 2813 954 2863 Archiv.
968 2812 993 2862 d.
1005 2814 1082 2864 Μίεε.
1097 2812 1242 2877 ecientifiq.
1257 2814 1292 2862 11.
1302 2830 1327 2878 p.
1338 2813 1391 2863 715

844 2896 920 2946 seqq.
962 2880 1057 2931 Adhuc
1084 2886 1202 2931 vocatur
1231 2883 1337 2931 derecto
1367 2897 1390 2932 e

846 2949 937 2999 Corn.

876 3017 920 3065 De
933 3016 1033 3082 Euripo
1046 3017 1118 3067 conf.
1129 3021 1198 3069 nott.
1209 3017 1244 3066 ad
1256 3016 1318 3076 VII,
1333 3016 1391 3070 173.

843 3086 920 3133 -In
937 3083 991 3135 fine
1010 3101 1071 3151 cap.
1090 3090 1154 3134 aute
1172 3074 1302 3163 ρ’ριθμὸν
1322 3101 1391 3135 non·

841 3151 910 3201 nulli
924 3152 1001 3202 codd.
1013 3154 1146 3202 adiiciunt
1157 3145 1215 3215 τὸν,
1230 3159 1260 3202 ut
1272 3153 1330 3213 VII,
1342 3153 1391 3217 eu,

841 3220 908 3270 sed
900 3237 928 3269 ru
938 3221 1030 3270 verbis
1041 3237 1116 3286 eeqq.
1123 3221 1202 3271 initio
1213 3238 1273 3287 cap.
1267 3219 1297 3269 .8
1308 3191 1392 3272 iideni

843 3288 920 3339 codd.
934 3289 1079 3353 negligunt
1091 3288 1247 3338 articulum.
1269 3289 1311 3338 Ad
1323 3283 1391 3339 σόν-

842 3356 926 3421 θημα
943 3356 1078 3421 (signnm,
1102 3357 1136 3406 de
1154 3372 1206 3421 quo
1225 3362 1391 3407 conventum

843 3430 885 3473 eet
888 3425 1095 3486 wteeeeraiconf
1103 3425 1134 3485 V,
1143 3425 1287 3501 teporque
1299 3426 1391 3487 nott..)

843 3492 889 3551 VI,
908 3491 961 3543 ter.
977 3493 1023 3549 IX
1036 3490 1078 3542 98.
1105 3493 1146 3541 Ad
1161 3484 1238 3542 ίν
1205 3508 1262 3542 νοω
1276 3486 1391 3557 ἔχοντες

844 3560 881 3610 c.f
896 3561 944 3623 111,
959 3560 1098 3626 θλιλοιιχυο
1111 3565 1179 3611 nott

1035 3729 1101 3779 Car.
1122 3730 1196 3781 VIII

877 3846 915 3896 ην
923 3847 985 3910 χορ
991 3821 1022 3881 ἐν
1034 3846 1072 3911 τφ
1059 3826 1266 3897 στρατοπέδῳ
1278 3848 1304 3882 ιι
1317 3849 1342 3883 τ.
1354 3834 1377 3884 λ.
1382 3832 1390 3900 l

844 3898 941 3949 Oratio
965 3882 1168 3958 α’νακόλουθος
1192 3901 1287 3951 eodem
1310 3903 1391 3953 modo

842 3966 1039 4033 intelligenda,
1059 3983 1111 4032 quo
1124 3969 1205 4031 VIII
1219 3969 1249 4028 5,
1267 3968 1316 4018 ubi
1333 3971 1391 4021 vid.

841 4039 909 4085 nott.

877 4100 1020 4169 Σκυλλίης
1030 4101 1201 4169 Σκιωναῖος]
1212 4104 1331 4167 Scyltiee,
1343 4107 1391 4169 qui

842 4171 934 4221 Scione
947 4172 1026 4232 urbe,
1046 4173 1124 4223 cuiue
1137 4173 1240 4223 mentio
1253 4173 1315 4233 VII,
1332 4172 1388 4234 VH,

841 4238 971 4288 oriundus
1000 4244 1074 4302 erat,
1104 4255 1158 4290 non
1181 4241 1328 4303 Sicyonirm,
1359 4248 1391 4290 ut

842 4303 914 4356 falec
942 4307 1032 4357 reddit
1059 4308 1160 4371 Velle,
1190 4307 1390 4361 celeberrimus
