2900 5122
422 400 686 462 GALLIOPE.
710 404 768 463 IX.
789 413 833 467 81.
854 414 899 468 83.
1167 413 1223 474 341

102 576 192 643 ἐοῦσα
211 570 343 643 ὀστέου·
380 570 486 661 ἐφάνη
505 573 543 643 dl
560 575 614 643 καὶ
633 602 676 662 γν
690 572 777 663 boc,
796 577 851 644 sol
869 573 905 645 τό
922 573 993 647 ἄνω
1010 581 1068 665 τῆς
1084 577 1227 670 γνάθου,

94 681 210 764 -ἔχουσα
232 670 372 754 ὀδόντας
393 677 606 763 μουνοφυέας
630 679 662 760 ἐξ
686 674 761 757 ἑνὸς
784 672 900 749 ὀστέου
923 676 1065 768 πάντας,
1092 679 1169 762 τούς
1192 710 1228 751 τε

98 772 227 899 ὀδόντας
250 777 305 845 καὶ
328 772 404 855 τούς
431 783 605 866 γομφίους.
642 780 697 847 καὶ
726 776 950 868 πενταπήχεος
978 775 1100 870 ἀνδρὸς
1130 778 1228 854 ὀστέα
1277 815 1281 822 ·

99 880 204 966 cam.

98 1047 186 1099 utimr,
199 1048 230 1092 nt
243 1041 316 1107 apud
328 1042 436 1092 Aciiau.
449 1043 521 1093 ua,
534 1044 581 1103 IV,
588 1042 629 1106 34,
683 1044 916 1110 quandoquidem,
943 1059 1013 1109 quae
1035 1049 1159 1109 quamvis
1181 1065 1224 1100 ra·

98 1109 187 1160 obici.
206 1110 315 1162 Iacobo.
337 1109 405 1159 add.
424 1109 522 1161 Pollux
538 1112 574 1173 11,
588 1110 630 1162 37.
683 1113 768 1174 riora,
788 1112 861 1161 haud
874 1118 966 1162 tamen
979 1114 1104 1164 inaudita
1136 1131 1225 1166 corsus

97 1177 147 1237 Vll,
156 1176 201 1227 81.
225 1176 430 1227 Valckenarius
443 1178 581 1228 excitarat
591 1178 630 1229 lo·
682 1180 751 1241 sint,
773 1179 821 1229 ille
842 1181 1011 1242 narraverim
1044 1182 1067 1241 β.
1093 1132 1132 1231 ub
1152 1184 1225 1245 Quin

25 1264 26 1275 ¹
97 1259 148 1294 cum
162 1244 314 1310 Theophili
331 1244 551 1325 Protospathnrii
573 1248 630 1309 (De
683 1262 783 1297 causas
801 1262 907 1312 quoqne
930 1247 1011 1297 huius
1032 1249 1225 1301 abnormitatis

24 1326 26 1381 j
96 1311 196 1363 fabrica
222 1327 297 1377 corp.
324 1311 395 1361 hum.
417 1312 465 1362 hb.
487 1313 538 1374 IV,
560 1315 576 1362 4
601 1315 630 1364 in
682 1320 710 1364 et
734 1316 868 1379 originem
890 1315 933 1365 vir
949 1314 1124 1366 doctissimus
1148 1318 1224 1368 inda·

98 1380 200 1430 Patrio.
212 1378 284 1429 Bibl.
299 1379 399 1456 Graec.
413 1379 445 1455 T.
456 1380 520 1429 xl1.
533 1397 559 1446 p.
566 1379 630 1446 858)
681 1397 749 1447 gare
767 1387 848 1444 atque
865 1382 1033 1447 investigare
1050 1384 1144 1434 studet
1156 1384 1225 1435 Con-

97 1446 393 1511 atdrmantissarpctec
404 1440 564 1512 αοοάφους,
576 1451 631 1499 sine
681 1450 781 1499 tinuat.
798 1450 834 1499 VI
848 1455 876 1498 et
888 1450 948 1502 VII.
973 1450 1052 1511 Quae
1070 1467 1130 1500 cum
1145 1452 1224 1502 huius

96 1518 138 1563 sita
151 1522 257 1577 cruca,
279 1515 353 1564 inter
369 1529 432 1565 oasa
454 1516 568 1580 proeliis
585 1517 631 1567 de·
682 1532 736 1565 non
748 1516 804 1566 sint
814 1517 883 1577 loci,
903 1516 948 1565 hic
961 1518 1127 1569 omittamus.

96 1581 219 1632 lectorum
244 1587 273 1631 et
297 1584 573 1647 computrescentium
595 1584 630 1633 ab
716 1575 811 1647 ἐφάνη
841 1576 873 1633 δὲ
903 1579 952 1633 καὶ
975 1581 1087 1648 γνάθος
1116 1581 1165 1636 καὶ
1191 1578 1223 1636 τὸ

96 1649 268 1715 scriptoribus
279 1654 390 1714 reperta
399 1651 551 1701 memorari.
565 1650 631 1712 Qui·
681 1641 742 1700 ἅνω
758 1649 808 1715 τῆς
825 1643 956 1715 γνάθου]
977 1652 1060 1701 Haud
1077 1653 1149 1701 malo
1166 1654 1225 1718 opi·

96 1716 139 1766 bus
157 1718 277 1782 deniquo
299 1717 382 1777 addo,
406 1718 477 1781 quod
497 1718 631 1770 Harduin.
681 1717 1031 1783 uorSchweighaeuserus:
1050 1727 1224 1784 „repertaest

96 1785 125 1833 ad
140 1784 212 1836 Plin.
230 1785 266 1834 H.
280 1784 312 1834 N.
329 1785 376 1845 xl,
389 1782 432 1833 ³7.
454 1784 486 1835 T.
501 1785 523 1834 Ι.
540 1801 567 1850 p.
580 1783 630 1836 tlt>
681 1788 756 1835 etium
772 1788 888 1845 maxilla,
908 1801 980 1850 quam
996 1788 1106 1848 inferior
1122 1794 1172 1836 turn
1183 1803 1224 1837 cu·

95 1852 243 1915 amauvis,
267 1851 421 1911 Albertnm,
442 1851 630 1903 Marohionem
680 1844 1224 1918 pertor,·“quodseqniturdxoucordddv-

95 1918 376 1985 brandeburgensem,
407 1934 486 1984 quem
516 1920 632 1970 Germa·
682 1936 733 1978 τας
753 1936 779 1969 κ.
797 1936 820 1969 τ.
839 1920 877 1981 1.,
902 1922 1069 1971 sententiam
1093 1922 1181 1987 ipsam
1199 1921 1224 1972 si

95 1988 151 2036 niae
160 1986 296 2036 Achillem
308 1988 464 2044 vocitarint,
478 2002 550 2037 anno
566 1986 630 2037 1414
682 1989 811 2054 respicis,
830 1992 952 2037 nontam
970 1989 1006 2037 ad
1018 1981 1129 2053 γνάθος
1159 2004 1222 2039 uam

94 2068 117 2118 p.
132 2053 193 2104 Chr.
211 2059 321 2115 natum,
341 2058 425 2118 caput
441 2052 570 2105 habuisse
588 2070 631 2105 su·
682 2055 718 2106 ad
730 2048 762 2105 τὸ
773 2043 834 2104 ἅνω
845 2053 896 2120 τῆς
908 2047 1023 2120 γνάθου
1035 2005 1222 2117 referendum

94 2122 155 2171 turia
171 2136 297 2172 vacnum.
330 2121 385 2183 Qui
402 2127 521 2172 mortuus
536 2138 629 2173 mense
681 2124 806 2189 superior
829 2125 901 2172 enim
923 2123 1037 2173 maxilla
1057 2124 1154 2174 dentes
1173 2123 1222 2174 ha-

94 2186 187 2239 llartio
208 2189 274 2239 anni
298 2186 363 2237 1486
383 2189 507 2254 sepultus
528 2190 582 2239 fuit
601 2191 630 2240 in
681 2192 774 2241 buisse
791 2191 892 2240 dicitur
909 2196 1066 2253 concretos,
1088 2197 1145 2241 tam
1158 2190 1223 2240 reli·

94 2255 630 2318 monesterioHeilsbroun,nbiintraan·
682 2274 749 2323 quos
773 2274 852 2322 qnam
877 2259 1026 2308 inclinares
1050 2252 1132 2319 (toric
1155 2273 1222 2324 γομ-

94 2336 138 2373 uos
156 2322 254 2374 loto—
268 2321 330 2373 1631
349 2324 400 2374 hoc
418 2324 540 2373 cranium
555 2330 630 2374 sutri·
681 2322 781 2389 olore:
799 2340 849 2375 noe
860 2325 976 2374 dicimus
989 2325 1193 2389 Barkenza’bnc).

95 2404 136 2441 rae
159 2406 257 2457 expers
281 2390 393 2456 aliaque
417 2393 539 2457 corporis
565 2407 630 2442 ossa
715 2383 836 2450 ὀδόντας
848 2386 1043 2457 μουνοφυέας]
1061 2395 1079 2441 i.
1094 2408 1118 2441 e.
1133 2395 1222 2443 denter

95 2459 304 2524 magnitudinem
333 2460 454 2524 corporis
479 2464 507 2508 et
530 2460 628 2509 virium
680 2463 790 2509 inumera
802 2465 949 2517 concretos,
967 2461 1085 2520 conatos,
1106 2461 1174 2520 sive,
1193 2464 1223 2509 ut

94 2527 169 2576 robur
196 2527 331 2577 testamia
358 2526 467 2591 publice
503 2529 630 2592 exposita
679 2543 743 2578 mox
766 2530 824 2609 ipse
848 2525 974 2575 declarat
993 2525 1161 2585 Herodotus,
1192 2517 1222 2589 ἐξ

96 2608 149 2644 esse
171 2594 339 2644 invenimus:
369 2594 423 2644 vid.
444 2610 470 2644 v.
488 2595 627 2644 Minutoli:
681 2585 745 2653 ἑνὸς
761 2588 860 2646 cortou
878 2585 996 2655 πάντας,
1016 2593 1056 2642 ita
1073 2592 1222 2644 solbuteae

93 2660 146 2710 Das
156 2660 406 2711 kaiserlicheBnch
420 2661 468 2710 des
477 2661 630 2727 Marlrgraf.
680 2679 729 2713 roro
741 2678 798 2712 osae
809 2664 955 2711 continuato
969 2674 1054 2709 omncs
1065 2666 1220 2722 constarent,

94 2727 189 2778 Albert
199 2728 301 2778 Achill.
315 2727 448 2793 pag.520.
473 2729 552 2778 Haec
565 2745 628 2779 con·
681 2727 905 2794 quemadmodum
922 2729 1006 2776 etiam
1018 2728 1134 2778 Prusiae
1148 2729 1222 2794 regis

95 2797 264 2861 scripseram,
292 2811 351 2845 cum
379 2796 482 2860 insigni
505 2796 629 2846 humani·
678 2797 753 2846 filius
770 2811 818 2861 pro
835 2796 971 2860 superiori
987 2795 1082 2844 ordine
1099 2794 1221 2845 dentium

96 2868 146 2911 tate
159 2865 234 2914 Iosn.
247 2862 371 2913 Schulzii
389 2863 447 2911 Viri
460 2863 628 2913 Perillnstris
677 2879 760 2913 unum
786 2879 815 2913 os
836 2861 992 2927 aequaliter
1014 2867 1152 2912 extentum
1172 2862 1221 2912 ha-

96 2930 302 2981 etBorussorum
321 2931 395 2996 regis
413 2946 430 2978 a
447 2930 570 2980 consiliis
587 2931 627 2979 in·
678 2931 771 2981 buisse
789 2931 890 2980 dicitur
904 2930 997 2979 Valer.
1015 2930 1089 2982 Mar.
1101 2931 1122 2991 1,
1136 2930 1153 2979 8
1165 2935 1219 2980 ext

95 2996 257 3049 umissdme
267 2999 362 3048 delata
371 2996 628 3047 suntStarkiiAna-
680 2997 712 3045 12
724 2998 786 3050 coll.
799 2997 870 3048 Plin.
884 2997 946 3059 vn,
962 2995 1001 3046 15.
1013 3000 1038 3060 g.
1051 2996 1085 3047 ob
1097 2997 1221 3063 („Aliqni

95 3063 162 3114 lecta
178 3066 285 3116 medica
308 3081 341 3115 ex
357 3070 426 3115 vett.
443 3066 550 3128 scriptt.
573 3080 627 3114 non
678 3066 740 3115 vice
753 3066 874 3115 dentium
888 3066 1019 3116 continuo
1031 3081 1093 3115 osae
1106 3066 1134 3131 gi
1155 3081 1221 3114 nnn·

96 3132 214 3191 medicis,
237 3134 285 3182 ubi
297 3133 323 3182 h.
338 3132 356 3181 l.
370 3132 480 3182 uberius
492 3135 628 3181 tractatur
678 3138 737 3194 tur,
764 3133 845 3183 sicuti
862 3133 976 3182 Prusiae
998 3134 1072 3198 regia
1087 3082 1220 3196 Bitbyno-

95 3198 181 3257 (lenae
203 3199 278 3259 1828,
300 3197 341 3264 4.)
362 3200 391 3248 iu
413 3198 626 3249 continuatione
678 3199 1220 3265 rumfilinssupernaparteoris“)‚ipse·

95 3269 217 3330 quartat.
233 3266 266 3316 19
277 3281 335 3332 seq.
361 3266 439 3328 Quod
455 3266 528 3315 enim
539 3266 627 3316 Hero·
679 3283 731 3332 que
744 3267 873 3331 Pyrrhus,
886 3268 1060 3333 Epirotarum
1074 3282 1134 3325 rer,
1149 3271 1220 3317 toste

95 3332 168 3384 dotus
183 3338 277 3385 narrat
294 3334 415 3385 cranium
433 3332 535 3383 nullam
553 3349 627 3399 pror·
678 3334 827 3385 Plutarcho
849 3335 878 3384 in
900 3334 959 3389 eius
980 3334 1035 3383 Vit.
1058 3333 1153 3405 capuit
1174 3334 1219 3384 fin.

96 3415 137 3449 sus
153 3409 270 3453 suturam
288 3402 409 3463 habens,
431 3401 478 3451 sed
497 3414 550 3450 uno
565 3417 627 3451 osse
678 3397 800 3460 πολλοὺς
813 3393 934 3460 ὀδόντας
947 3392 999 3451 oe’u
1013 3394 1098 3465 εἶχεν,
1111 3391 1176 3449 ota'
1187 3394 1221 3451 ἲν

94 3468 325 3531 solidamentum,
339 3485 394 3519 non
406 3473 462 3519 tam
475 3468 630 3519 inauditnm
682 3460 781 3520 ὀστέον
804 3467 919 3534 συνεχὲς
941 3456 979 3534 ἦν
1001 3458 1131 3526 ἄνωθεν,
1156 3462 1221 3520 οἷον

95 3550 153 3586 esse
177 3539 214 3588 ait
239 3538 384 3599 Starhins,
415 3536 464 3586 sed
489 3537 630 3602 pertinere
681 3537 798 3595 λεπταῖς
809 3530 935 3601 ἀμυχαῖς
946 3532 997 3593 τὰς
1010 3527 1139 3599 διαφυὰς
1151 3527 1218 3586 ὀπο-

95 3603 128 3653 sd
147 3606 261 3656 rariores
283 3605 384 3671 cepitis
402 3603 630 3667 deformationem
680 3599 878 3669 γεγραμμένον
901 3602 958 3654 τῶν
981 3596 1116 3653 ὀδόντων,
1151 3604 1218 3653 Add.

95 3675 209 3735 mamus
222 3674 295 3724 enim
308 3672 449 3723 concretio
461 3671 629 3737 singularum
681 3674 782 3722 Festus
792 3686 813 3721 s.
823 3687 850 3723 r.
861 3672 989 3721 Monodoc
998 3688 1023 3736 p.
1039 3670 1219 3721 rothrudem.

95 3741 333 3803 commissurarum,
346 3738 488 3804 sagittalis
500 3754 567 3804 prae
582 3756 627 3790 ce·
680 3740 761 3789 Haec
773 3739 868 3789 eudem
881 3738 992 3788 uberius
1003 3740 1137 3788 tractarit
1148 3738 1220 3788 idem

95 3806 172 3868 teris,
194 3824 248 3859 uon
271 3809 355 3859 nimis
375 3823 437 3857 raro
461 3808 627 3867 inueniatur,
679 3806 771 3857 Stark.
784 3805 802 3855 l.
815 3805 834 3855 l.
847 3807 878 3857 P.
892 3806 914 3854 1.
933 3806 1091 3857 Continuat.
1104 3807 1117 3854 1
1129 3805 1164 3855 ad
1177 3821 1219 3854 ra·

96 3871 133 3921 its
155 3877 285 3937 omnium,
315 3875 413 3941 quibus
437 3875 540 3939 capitia
563 3890 629 3925 ossa
677 3875 896 3933 riorareierens,
909 3873 1220 3937 quibusvixquidquam

94 3940 245 4007 iunguntur,
270 3949 426 3994 suturarum
449 3941 627 3992 abolitionem
677 3939 941 4008 reperiatursimile.
965 3940 1003 3990 Ut
1015 3942 1086 3989 enim
1099 3939 1220 3989 dubitari

96 4022 148 4057 rem
172 4024 228 4061 esse
252 4011 328 4061 addit
351 4009 432 4061 valde
456 4010 627 4059 inusitatam.
678 4012 773 4075 nequit
789 4006 975 4074 (nisiomnem
987 4008 1120 4057 historiae
1139 4007 1219 4056 fidem

96 4075 246 4135 Quaerere
267 4079 339 4145 apud
356 4082 466 4129 veteres
485 4077 626 4127 inueniun·
679 4077 799 4127 evellere
820 4073 909 4141 velis)
930 4076 1002 4141 apud
1021 4080 1131 4125 veteres
1151 4089 1219 4123 sane

97 4147 139 4191 tur
156 4146 273 4212 exempla
289 4161 377 4212 aeque
395 4150 478 4210 atque
496 4145 568 4209 apud
585 4160 627 4194 re·
677 4145 762 4195 talem
772 4144 892 4194 dentium
903 4144 1105 4194 concretionem
1116 4141 1221 4205 aliquo·

96 4210 237 4273 centiores,
255 4214 396 4281 congessit
411 4214 455 4263 vir
467 4212 577 4275 doctus,
596 4212 628 4261 il·
678 4212 731 4262 ties
744 4216 880 4277 repertam
892 4211 994 4273 inisse,
1013 4211 1054 4259 ita
1071 4208 1219 4259 recentiori

97 4274 327 4342 improbaturus,
349 4280 483 4331 Herodoti
500 4279 581 4330 fidem
598 4278 626 4329 in
678 4285 772 4329 aetate
793 4280 839 4329 vix
859 4278 943 4329 talem
965 4277 1117 4342 quaesieris
1137 4275 1219 4338 inque

22 4386 23 4395 .
96 4341 139 4393 bit
162 4360 259 4414 quoque
281 4349 356 4400 haud
375 4353 533 4414 suspectam
558 4362 626 4409 csse,
679 4346 888 4397 collectionibus
909 4362 942 4396 ac
959 4345 1063 4394 Museis
1083 4344 1129 4393 vir
1150 4340 1219 4390 talia
