2866 5134
248 403 303 461 DE
326 402 431 462 VITA
452 403 511 461 ET
533 402 725 463 SORIPTIS
748 401 980 462 HERODO'PI.
1121 408 1179 470 421

72 573 211 644 quibasdam
233 572 347 627 serioris
372 574 470 627 astatis
493 572 677 644 scriptoribus
686 569 715 642 *)
745 576 861 630 Thuritu
888 581 1017 642 vocatur,
1038 593 1071 629 ac
1094 576 1120 628 si
1133 593 1182 629 na-

71 659 120 711 talis
132 658 170 710 bic
191 666 263 712 esset
283 659 361 711 locus
382 676 501 729 vereque
523 659 640 728 patrius,
667 666 695 711 et
714 659 823 712 Plinius
843 659 918 712 Hist.
941 660 1007 713 Nat.
1022 660 1086 729 xli,
1105 663 1182 732 4(8)

71 744 215 796 Herodotum
228 743 342 797 Thuriis
363 744 488 797 initalia
504 743 643 796 historiam
654 745 811 798 condidisse
830 742 941 812 scribit3
966 745 1086 815 indeque
1102 746 1182 798 etiam

72 829 126 880 haud
139 829 191 881 scio
205 845 239 881 au
255 827 444 898 explicandum
462 829 509 897 sit,
526 828 600 897 quod
615 827 678 881 belli
689 828 926 899 Peloponnesiaci,
943 831 1017 900 quod
1032 831 1078 883 illa
1092 838 1182 884 aetate

72 929 132 982 quau
154 914 260 967 nomme
286 914 386 966 saeviit
411 920 568 983 mutamque
584 913 718 967 Graeciae
737 915 821 967 rebus
848 915 1055 968 conversionem
1080 915 1181 982 attulit,

72 997 140 1050 rarim
160 998 186 1049 iu
210 996 301 1051 Musis
321 998 488 1052 Herodoteis
514 996 613 1050 mentio
629 998 692 1063 fiat,
708 999 869 1069 praesertim
882 1016 941 1052 cum
956 999 1116 1053 Herodotus
1131 1018 1181 1069 pro

71 1082 142 1150 operis
156 1083 198 1135 sui
211 1081 341 1148 coasilio,
366 1100 421 1154 quo
436 1085 604 1136 Graecorum
630 1100 676 1135 res
692 1083 830 1137 illustrare
852 1102 883 1136 ac
898 1083 1035 1138 celebrare
1056 1085 1181 1151 debebat,

69 1167 103 1218 rix
115 1166 231 1221 lubenter
245 1168 328 1220 buius
343 1168 407 1220 belli
424 1167 591 1221 calamitates
606 1168 743 1236 attigerim
766 1169 801 1222 de
824 1187 879 1239 qua
893 1169 993 1222 rediri
1009 1168 1052 1222 ine
1066 1170 1180 1223 Jahrbb.

69 1252 84 1302 l.
99 1250 217 1321 Philolog.
243 1252 305 1305 Vol.
327 1252 402 1306 LVI.
426 1272 453 1323 p.
479 1257 570 1322 ¹lseq.
588 1253 693 1307 thoria
710 1261 843 1307 mortuum
861 1255 946 1323 inque
967 1255 1028 1306 foro
1044 1254 1181 1323 sepultum

68 1353 117 1388 esse
133 1337 297 1391 Herodotum
322 1336 407 1391 tradit
420 1337 522 1406 Suidas
547 1336 606 1390 loco
621 1354 707 1408 supra
729 1337 826 1390 allato:
852 1338 948 1391 tumuli
973 1338 1181 1409 inscriptionem

68 1420 148 1473 laum
165 1424 285 1476 oli'orunt
303 1422 462 1493 Stephanus
483 1422 600 1490 Byzant.
619 1441 644 1475 s.
660 1440 687 1474 v.
703 1416 824 1491 Θούριος
846 1431 873 1475 et
888 1423 1081 1493 Aristophanis
1095 1424 1180 1477 Scho-

66 1503 130 1558 liasta
141 1507 171 1560 ad
185 1508 278 1561 Nubb.
296 1509 342 1562 331
361 1507 438 1578 (coll.
456 1505 576 1560 Brunclt.
590 1507 725 1559 Analectt.
741 1507 802 1560 Vol.
820 1508 870 1561 lll.
887 1526 914 1577 p.
930 1510 990 1562 263.
1003 1509 1090 1577 epigr.
1104 1510 1181 1577 533),

67 1588 161 1660 itemque
185 1609 273 1662 nuper
290 1591 381 1645 editus
397 1592 518 1645 Tzetzae
539 1591 694 1644 Scholiasta
718 1592 745 1645 in
769 1593 891 1645 Crameri
906 1591 1052 1645 Anecdott.
1069 1593 1180 1646 Oronn.

67 1672 106 1727 lll.
118 1693 141 1745 p.
157 1679 207 1731 350
221 1684 249 1730 et
265 1677 294 1728 in
310 1677 431 1730 Taetsae
445 1677 536 1745 Epist.
552 1677 596 1729 ed.
615 1693 630 1728 a
644 1676 784 1731 Presselio
801 1694 865 1747 pag.
883 1679 933 1731 97:

187 1798 345 1926 ‘depliqqov
362 1798 460 1925 [ideoq
477 1799 599 1925 aquimrep
615 1796 767 1887 advtc'iida
785 1798 926 1869 θανόντα,

189 1889 631 2013 Δωριόιωύςπύίύόύςηόλαῗύόδόρ
638 1891 848 2007 ἔύόῖτύόύύύᾷ
865 1932 994 2011 ἄπλητον

255 2010 370 2077 Μῶμον
385 2002 619 2078 ύπευτροφυνύν
637 2007 763 2077 Θούριον
782 2005 844 2077 ἔσχε
862 2002 984 2079 πάτρην.

69 2130 310 2192 andhlarcellinus
324 2133 352 2186 in
362 2133 418 2185 Vit.
431 2134 558 2213 Thucyd.
575 2138 601 2198 S.
619 2132 706 2202 18**)
720 2136 828 2189 Athonis
839 2134 973 2187 Herodoti
985 2145 1114 2187 memorat
1135 2154 1178 2189 se-

68 2216 178 2289 pulcmm‚
199 2219 225 2271 id
246 2219 271 2270 si
295 2236 387 2271 verum
408 2224 452 2272 est
471 2236 562 2289 neque
581 2221 710 2274 Herodoti
723 2237 835 2288 nomen,
852 2221 891 2271 uti
909 2218 1049 2272 contendit
1063 2220 1178 2273 Viscon-

68 2299 116 2367 tius,
136 2304 196 2356 nale
221 2305 275 2356 huc
290 2304 411 2374 irrepsit,
438 2321 498 2356 cum
513 2304 655 2371 Fabricio,
679 2304 874 2372 Wesselingio,
899 2304 1047 2369 Larchero,
1063 2305 1178 2373 Heysio,

69 2385 104 2451 qui
115 2386 163 2456 ipse
177 2389 334 2441 accuratius
355 2388 382 2441 in
403 2389 470 2440 haec
489 2387 636 2459 inquisivit
650 2407 677 2458 p.
695 2391 739 2442 80.
756 2391 799 2455 81,
817 2387 1024 2457 intelligendum
1041 2389 1074 2441 de
1098 2409 1178 2442 ceno·

71 2469 145 2538 taphio,
159 2473 228 2543 quod
243 2474 306 2526 viro
322 2472 356 2525 de
371 2474 442 2525 omui
458 2473 575 2527 Graecia
590 2490 622 2525 ac
636 2472 794 2542 singillatim
811 2474 844 2526 de
860 2472 1091 2541 Atheniensibus,
1108 2492 1178 2545 (quos

74 2554 135 2606 tantis
148 2556 271 2611 laudibus
294 2559 484 2626 exornaverit,
508 2557 679 2612 meritissimo
696 2558 881 2611 Athenienses
902 2559 1010 2628 publice
1023 2559 1177 2627 posuerint.

77 2635 135 2696 Quod
145 2658 199 2695 vero
217 2646 308 2699 Pellae
322 2643 349 2694 in
365 2643 528 2696 Macedonia
538 2642 708 2696 Herodotum
722 2642 825 2696 obiisse
841 2642 887 2696 alii
902 2643 1091 2712 perhibebant,
1107 2650 1178 2697 teste

77 2718 157 2779 Suidsl.
170 2728 196 2796 l.,
212 2729 251 2795 id,
268 2727 324 2781 nisi
339 2745 455 2797 prorsus
471 2730 616 2781 confictum
634 2746 696 2781 esse
711 2735 847 2797 putemus,
867 2746 921 2780 nou
939 2727 993 2780 nisi
1008 2728 1058 2780 hac
1073 2729 1179 2781 ratione

76 2806 178 2871 probabile
193 2814 270 2866 reddi
284 2813 402 2882 poterit,
424 2820 455 2864 ut
469 2813 639 2866 Herodotum
660 2813 812 2881 cogitemus
839 2810 872 2864 ad
888 2812 1061 2880 Archelaum,
1086 2814 1178 2865 Mace-

74 2888 142 2947 doniae
156 2915 258 2967 regem,
284 2914 363 2967 quem
385 2898 481 2950 doctos
505 2898 628 2950 homiues
646 2898 761 2950 Athenis
783 2897 816 2949 ad
835 2916 865 2950 se
883 2896 1018 2950 invitasse
1042 2899 1177 2964 novimus,

73 2980 119 3029 itte
128 2985 247 3052 temporis
263 2983 434 3055 proiectum,
453 2983 518 3034 satis
543 2982 636 3034 subito
652 2985 793 3052 abreptum
810 2982 913 3034 tuisse:
934 2989 1018 3054 atque
1038 2983 1078 3035 sic
1099 2984 1178 3035 etiam

71 3068 164 3118 statuero
176 3068 301 3122 videmus
320 3085 368 3120 eos
380 3067 456 3120 viros
472 3067 576 3133 doctos,
599 3069 647 3137 qui
662 3068 832 3120 Herodotum
846 3085 938 3119 senem
956 3086 1028 3119 anno
1047 3071 1098 3121 412
1113 3075 1177 3120 ante

70 3141 117 3197 Cir.
131 3152 276 3206 uThuriis
293 3152 442 3221 proiectum
461 3152 551 3205 denuo
569 3153 690 3206 Athenas
705 3153 819 3221 petiisse
835 3151 954 3221 indeque
969 3153 1002 3203 ad
1018 3151 1178 3205 Archelaum

68 3230 113 3297 (uui
134 3252 198 3289 anno
222 3235 402 3290 antecedente
427 3255 476 3290 rex
503 3244 562 3290 erat
579 3237 682 3303 lactus)
704 3255 735 3290 se
751 3235 903 3289 contulisse
924 3236 1036 3289 volante
1062 3254 1176 3308 quorum

70 3313 164 3380 opinioni
184 3328 334 3392 temporum
349 3322 471 3375 rationes
489 3324 614 3389 obstare,
638 3339 708 3391 quae
722 3321 890 3376 Herodotum
907 3319 952 3372 illo
969 3338 1040 3373 anno
1058 3322 1087 3373 in
1104 3320 1176 3373 vivis

71 3443 238 3463 κ..-

116 3512 141 3634 *q
155 3518 198 3570 Sic
210 3520 309 3571 Strabo
327 3520 399 3571 XIV.
418 3522 443 3570 2.
462 3537 488 3586 p.
507 3518 559 3571 656
579 3536 601 3571 s.
619 3519 671 3570 970
692 3519 725 3570 A.
739 3512 894 3581 Ἡρόδοτος
912 3508 945 3568 ὃν
966 3507 1086 3580 ὕστερον
1101 3513 1176 3568 Θού-

68 3593 114 3636 ίιον
141 3579 266 3640 scitetur.
296 3589 365 3638 Add.
379 3588 481 3638 Iuliani
492 3590 581 3653 Epist.
594 3588 629 3637 22
640 3588 700 3639 init.
713 3587 809 3637 Avicn.
823 3602 862 3636 or.
876 3587 966 3635 morit.
978 3585 1021 3635 49.
1034 3585 1175 3638 Plutarch.

67 3644 213 3719 Demalign.
231 3656 334 3707 Herod.
359 3655 392 3707 35
415 3657 474 3706 init.
511 3656 553 3706 De
573 3655 671 3706 exsilio
690 3671 751 3721 cap.
779 3653 808 3704 13
827 3654 873 3703 fin.
908 3654 992 3703 Plura
1008 3653 1176 3719 Wesscliug.

67 3711 122 3768 01⁸⁸.
139 3720 234 3777 llcrod.
253 3742 279 3790 p.
297 3722 323 3786 9,
342 3725 436 3787 Heyso
453 3723 472 3775 l.
491 3724 510 3776 l.
528 3741 554 3789 p.
574 3722 608 3773 70
625 3739 710 3789 seqq,
728 3723 820 3772 Hand.
840 3722 857 3771 l.
876 3722 895 3771 l.
916 3738 940 3786 p.
959 3720 1017 3771 384.

167 3790 252 3843 Locus
265 3793 306 3842 sic
318 3808 348 3842 se
360 3792 457 3842 habet:
477 3785 547 3854 πρὸς
565 3784 619 3857 γὰρ
638 3793 701 3849 ταῖς
713 3787 846 3843 Μελιτίαν
864 3781 967 3848 πύλαις
985 3784 1176 3853 καλουμέναις

67 3836 126 3924 lato
153 3857 267 3926 νΚοίλῃ
284 3852 318 3909 τὰ
336 3852 500 3924 καλούμενα
517 3851 647 3924 Κιμύνια
665 3854 808 3924 μνήματα,
829 3850 904 3908 ἔνθα
918 3855 1065 3908 δείκνυται
1079 3851 1175 3922 Ἡρο-

67 3911 150 3972 δυτου
166 3922 211 3976 καὶ
223 3925 406 3979 Θουκυδίδου
423 3920 524 3991 τάφος,
543 3927 591 3976 ubi
604 3927 762 3977 Viscoutius
780 3924 973 3991 (Iconograph.
994 3926 1092 3990 Grecq.
1113 3925 1134 3977 Ι.
1148 3943 1175 3991 p.

67 3979 113 4047 ata)
128 3992 244 4044 meadum
261 3996 404 4061 suspicans
423 4010 517 4045 vocem
531 3985 689 4056 Ἡροδότου
713 4010 727 4044 e
745 3998 822 4044 textu
840 3992 899 4044 tolli
918 3992 984 4055 vult,
1003 3994 1032 4042 in
1046 3986 1176 4058 Ἡρώδου

67 4057 147 4105 anteri
158 4059 230 4112 iubet
246 4062 348 4113 Cora'es
366 4063 402 4113 ad
419 4062 561 4113 Plutarchi
574 4061 679 4112 Cimon.
698 4064 726 4111 l:
747 4062 816 4127 quod
835 4062 907 4111 idam
926 4060 1085 4121 Schaolero,
1104 4062 1175 4110 Krii-

67 4133 125 4184 8⁹¹⁰,
143 4126 200 4178 aliis
217 4130 330 4195 placuit.
366 4131 469 4182 Contra
487 4130 598 4196 Sauppe
616 4130 655 4191 (in
673 4129 746 4183 Actt.
766 4130 908 4181 societatis
927 4129 1027 4179 Gracc.
1046 4128 1082 4178 ΙΙ.
1103 4129 1127 4180 2.
1146 4145 1173 4193 p.

66 4183 114 4252 43⁰)
129 4196 224 4246 mavult
242 4188 369 4262 Ὀλόρου,
394 4199 464 4264 quod
486 4199 593 4263 recepit
610 4200 809 4249 Westermann.
833 4198 901 4247 Vitt.
926 4196 1042 4276 Graece.
1066 4197 1173 4261 scriptt.

68 4265 124 4373 iii.
135 4258 241 4391 ἰδού
259 4267 420 4399 iiiiii?
436 4264 883 4394 littllllldss.tntilli·
898 4263 1173 4397 Apidiiinhiss

68 4386 122 4441 uihil
137 4393 162 4444 iu
178 4397 330 4452 Marcellini
345 4402 437 4453 vorbis
455 4401 613 4451 mutandum
632 4406 804 4452 censuerunt.
