2984 5154
475 394 679 456 URANIA.
700 397 791 457 VIII.
814 405 857 459 to.
877 406 920 460 41.
1224 407 1265 466 57

127 565 160 645 ἐς
184 567 345 654 Τροιζῆνα
362 561 576 655 ἀπέστειλαν,
595 572 631 638 οἱ
646 568 684 637 δὲ
703 571 735 649 ἐς
744 578 905 659 Αἴγιναν,
923 574 960 640 ot
975 572 1013 641 di
1032 572 1064 652 ἐς
1077 580 1262 662 Σαλαμῖνα.

126 671 297 737 ἔσπευσαν
315 668 354 737 di
368 671 474 743 ταῦτα
491 662 718 758 braioso,
742 674 790 764 τῷ
806 679 993 766 χρηστηρίῳ
1010 700 1045 742 τε
1068 672 1265 764 βουλόμενοι

78 762 348 873 σιρῦπηρετὲειν,
373 773 428 840 recl
448 768 489 860 δὴ
506 772 562 841 καὶ
579 773 679 842 τοῦδε
697 777 809 843 εἵνεκα
832 769 894 842 οὐκ
916 771 1049 862 ἥκιστα·
1076 776 1210 863 λέγουσι
1233 780 1268 846 ol

125 865 317 961 Ἀθηναῖοι,
334 869 415 962 ὅφιν
431 874 536 963 μέγαν
546 868 680 963 φύλακα
696 876 754 975 τῇς
770 869 965 966 ἇκροπόλιος
984 879 1211 948 ἐνδιαιτᾶσθαι
1230 881 1266 948 ἐν

122 1041 167 1085 sta
179 1048 343 1087 causacum
355 1037 442 1088 abiici
454 1042 538 1089 ratus.
566 1040 671 1089 Decre-
722 1040 783 1091 dem
807 1056 868 1091 cum
891 1046 1006 1093 recentt.
1026 1042 1086 1092 edd.
1109 1040 1206 1093 lubens
1223 1059 1265 1093 re-

123 1109 179 1153 tuns
198 1104 258 1154 tale
277 1110 352 1167 erat,
370 1110 401 1155 ut
418 1120 472 1171 qno
483 1106 544 1157 loco
557 1108 671 1172 quisque
723 1109 786 1174 cepi
799 1101 841 1171 dl,
855 1106 1111 1174 quod'I'loreutinus
1123 1104 1265 1161 liberaum

122 1187 187 1222 suos
218 1171 322 1223 liberos
350 1172 540 1240 familiamque
569 1176 670 1241 optime
723 1176 862 1227 Sancrofti
892 1174 963 1227 libro
997 1177 1107 1243 alioque
1135 1178 1265 1228 Parisino

122 1255 236 1290 serrare
259 1244 368 1305 posset,
396 1242 426 1291 in
452 1258 484 1292 eo
508 1243 669 1297 collocaret.
721 1244 882 1309 praebebat.
928 1244 970 1294 Ad
999 1245 1113 1296 verbum
1141 1235 1265 1297 ὖπειιθέ-

122 1308 178 1369 Qui
202 1309 292 1371 enim,
320 1304 455 1360 facultate
483 1310 593 1375 publice
615 1326 672 1361 non
722 1311 793 1363 σθαι
812 1311 885 1363 coni.
905 1312 984 1373 VIII,
1003 1313 1020 1362 4
1039 1318 1067 1363 et
1082 1313 1121 1375 V,
1140 1312 1183 1363 65.

122 1391 277 1439 concessa,
295 1377 413 1442 periculi
425 1378 591 1430 imminentis
602 1384 670 1429 tem·
685 1432 690 1441 ,
755 1378 794 1431 sui
805 1378 964 1446 χρηστηρίῳ
975 1394 1006 1430 τε
1018 1375 1186 1446 βουλόμεναι
1195 1371 1265 1447 ὁπη-

121 1460 187 1510 pore
200 1445 322 1509 patriam
334 1444 513 1511 reliquissent
524 1447 676 1519 familiam-⁶
722 1437 841 1514 ριτέιιν]
861 1448 893 1497 In
911 1462 967 1497 una
978 1447 1079 1499 Aldina
1096 1454 1159 1514 post
1176 1463 1206 1500 ss
1224 1450 1265 1499 in·

120 1527 154 1563 re
182 1512 401 1575 subtraxissent,
431 1529 479 1567 eos
505 1514 671 1580 proditorum
697 1521 797 1566 .serta
819 1516 947 1582 leguntur
968 1516 1067 1567 verba:
1095 1508 1265 1580 πειθόμενα

120 1578 183 1633 locu
209 1579 334 1640 habitos,
363 1580 409 1645 qui
432 1581 537 1635 crimen
559 1582 672 1649 publici
722 1579 786 1646 aul,
812 1599 848 1641 ex
871 1585 1130 1648 interpretamento,
1159 1585 1265 1650 opinor.

121 1649 212 1712 poena
224 1647 402 1715 plectendum
413 1651 620 1713 commisissent,
632 1651 672 1702 in·
722 1652 849 1718 Respicit
861 1655 953 1701 autem
964 1652 1064 1701 Noster
1078 1650 1114 1701 ad
1125 1651 1265 1702 oraculum

121 1715 219 1766 dicant
239 1717 671 1784 quaeLarcherusadh.l.pro·
722 1719 788 1781 VII,
809 1717 941 1769 141-143
962 1717 1088 1769 allatum.
1121 1718 1186 1770 Mox
1204 1735 1265 1769 curn

119 1785 184 1834 tulit
208 1798 245 1834 cx
268 1784 388 1847 Lycur.
412 1785 441 1835 in
460 1788 588 1838 Leocrat.
605 1803 670 1853 pag.
723 1791 838 1837 recentt
860 1785 920 1836 edd.
939 1785 1003 1835 dedi
1021 1802 1036 1835 e
1054 1784 1184 1836 librorum
1207 1786 1265 1837 iere

120 1850 219 1913 itaet
232 1849 271 1917 [p.
280 1850 328 1901 177
334 1800 381 1918 33
389 1853 561 1904 etAeschine
574 1859 673 1906 contra
723 1869 871 1904 consensu:
881 1852 941 1904 τοῦ
953 1846 985 1903 dl
995 1849 1266 1911 circumuectae-

119 1919 298 1989 ctuipnont.
315 1918 486 1986 piatur.
500 1919 600 1987 [§.8lt].
628 1925 671 1974 De
704 1922 799 1973 'ierus
821 1921 937 1973 dederat
959 1918 1021 1971 τοῦ
1043 1917 1152 1971 εἵνεκα.
1193 1920 1266 1972 Olim

124 1988 289 2045 mesa,
309 1991 356 2053 qui
374 1989 475 2054 optime
487 1990 670 2042 Athenienses
721 1982 850 2041 τούτου
867 1986 974 2040 εἵνεκα.

119 2057 300 2120 exceperint,
319 2056 392 2106 idem
410 2057 517 2107 confert
529 2058 669 2109 Plutarch.
755 2046 825 2123 ὅφιν
841 2050 934 2122 μέγαν
952 2050 1068 2123 φύλακα
1080 2056 1131 2121 τῆς
1142 2046 1266 2119 α’κροπό-

118 2124 175 2175 tha
187 2122 371 2174 I'heuristocl.
381 2139 444 2189 cap.
455 2123 494 2174 11.
513 2126 616 2176 Noster
626 2143 669 2176 su·
721 2126 780 2183 taor
797 2142 823 2176 ιι.
836 2141 860 2175 τ.
874 2121 910 2190 4.]
931 2122 1065 2193 φύλακα,
1085 2124 1156 2190 quod
1172 2140 1265 2175 ornnes

118 2206 167 2256 pra
184 2191 254 2252 VII,
273 2189 309 2242 99
330 2191 497 2247 Troezenios
520 2195 575 2249 ianr
596 2210 669 2245 com·
720 2193 785 2243 libri
811 2195 909 2259 scripti
932 2198 1041 2254 tenent,
1071 2194 1100 2242 in
1123 2184 1266 2256 φύλακον

119 2260 298 2321 memorarit,
311 2260 357 2324 qni
367 2259 595 2313 Halicarnassum
608 2274 670 2313 con·
721 2263 822 2312 mutari
833 2262 891 2312 vult
903 2261 1020 2311 Bredov.
1033 2277 1097 2326 pag.
1111 2260 1169 2320 2523
1185 2276 1265 2326 quem

119 2326 266 2377 dideruntr
287 2342 355 2397 qnos
367 2328 475 2378 eosdem
488 2344 551 2383 mox
563 2345 624 2396 cap.
636 2331 670 2380 42
721 2334 832 2379 secutus
845 2334 887 2379 est
898 2328 1033 2390 Dietsch.,
1046 2330 1092 2393 qni
1106 2330 1190 2378 etiam
1203 2328 1264 2389 VII,

120 2401 147 2445 et
164 2394 345 2459 tlt-itemque
357 2395 405 2457 IX,
418 2394 455 2445 28
469 2398 497 2447 in
510 2398 571 2449 acie
584 2397 669 2449 Grae·
720 2396 754 2448 95
767 2391 915 2462 φύλακας,
935 2395 1005 2460 quod
1018 2411 1111 2446 ornnes
1125 2399 1220 2446 tenent
1232 2395 1266 2446 li-

120 2478 215 2513 eorum
229 2462 266 2513 ad
278 2462 412 2514 Plataeas
430 2463 580 2516 collocatos
598 2482 670 2516 com·
720 2465 777 2527 hri,
798 2464 893 2515 eodem
906 2463 1040 2512 Bredorio
1053 2466 1165 2514 auctore
1179 2469 1265 2513 muta·

120 2534 271 2581 memorat:
303 2545 415 2595 qnorum
436 2531 515 2594 urbs,
542 2537 574 2583 ut
601 2535 671 2584 satis
721 2534 764 2583 vIt
786 2532 815 2581 in
834 2522 994 2595 polticeor,
1020 2529 1068 2580 sed
1086 2530 1112 2588 Ι,
1131 2529 1163 2580 41
1188 2535 1215 2580 et
1232 2530 1265 2579 44

121 2602 249 2661 constat,
272 2599 303 2647 in
320 2599 451 2665 Argolide
469 2615 523 2651 non
540 2602 636 2666 procul
654 2617 671 2652 a
722 2599 838 2651 retinuit
860 2589 989 2661 φύλακα,
1015 2597 1043 2645 in
1066 2592 1197 2659 φύλαιον
1221 2613 1265 2647 ae-

120 2668 207 2717 nraris
225 2681 277 2717 ors
296 2680 330 2716 ex
348 2667 464 2717 adverso
481 2666 521 2718 rte
544 2669 607 2719 inae
630 2670 671 2718 in·
724 2683 775 2732 que
793 2666 952 2716 mutandum
972 2681 986 2714 e
1005 2663 1135 2715 Bredovii
1153 2680 1266 2729 praece·

121 2735 201 2786 ailae
219 2734 279 2785 sita
297 2734 351 2784 snit
369 2750 403 2785 eo
420 2734 507 2785 ferme
524 2685 599 2799 ioco,
619 2753 671 2802 quo
723 2740 783 2801 pto,
798 2735 844 2799 qui
852 2732 1022 2784 Herodotum
1036 2747 1085 2797 pro
1096 2724 1191 2797 φύλαξ
1202 2747 1264 2782 con·

120 2817 195 2853 nunc
213 2801 352 2867 reliquiae
371 2802 506 2867 quaedam
524 2810 673 2855 cernuntur
722 2805 829 2853 stanter
846 2801 951 2851 dixisse
969 2793 1098 2864 φύλακας
1116 2798 1265 2878 contendit,

122 2871 158 2921 ad
168 2872 280 2932 vicum,
294 2870 340 2921 cui
351 2886 452 2921 nomen
463 2871 599 2929 Diarroia,-
610 2889 671 2938 por·
723 2870 832 2921 cautius
850 2875 944 2920 tamen
961 2867 1075 2917 retinnit
1086 2867 1264 2933 χρυσοφνλα-

124 2944 180 2987 tnnr
202 2938 284 2988 urhis
300 2938 402 2989 Noster
424 2954 485 3004 esp.
503 2940 537 2989 42
556 2939 671 2999 indicat,
721 2953 789 3001 aar,
803 2937 872 3001 quod
883 2934 986 3002 legitur
999 2934 1044 2995 IV,
1060 2934 1100 2987 13.
1112 2935 1153 2985 27.
1181 2936 1265 3000 Equi·

13 3032 14 3037 =
124 3004 170 3055 ubi
187 3005 246 3055 rid.
264 3009 335 3055 nott.
364 3006 494 3057 Veterum
512 3008 670 3058 testimonia
721 3006 783 3055 dem
807 3004 938 3056 lIbrornru
960 3003 1123 3068 scriptorum
1147 3005 1265 3054 auctori-

126 3072 159 3123 de
170 3073 387 3124 Troezeniornm
397 3074 466 3125 urbe
481 3075 593 3126 exbibet
604 3077 671 3126 For·
722 3079 807 3124 tatem
829 3075 859 3123 in
881 3072 925 3122 his
943 3075 1054 3122 secutus
1070 3070 1140 3121 nthl
1158 3076 1264 3122 mutan·

127 3140 217 3206 bigerr
242 3141 354 3192 Haudb.
377 3141 402 3191 d.
427 3141 475 3192 alt
495 3142 594 3208 Geogr.
620 3144 670 3194 111.
722 3142 784 3192 dum
802 3142 912 3201 censui,
936 3139 960 3189 sl
983 3138 1091 3204 quidem
1109 3139 1265 3189 Herodotus

126 3225 143 3273 p
180 3246 187 3259 .
204 3206 285 3270 Iton
299 3208 357 3259 alia
368 3209 465 3260 retulit
477 3209 601 3261 Curtius:
614 3211 672 3261 Der
721 3213 864 3273 utramque
883 3207 998 3258 formam
1011 3205 1171 3257 adhibuisse
1188 3207 1264 3256 vide-

127 3278 163 3327 I'e
175 3293 192 3327 o
229 3291 301 3327 unes
311 3277 347 3327 11.
363 3292 427 3342 pag.
437 3277 484 3329 431
497 3293 572 3343 seqq.
591 3280 670 3329 item-

126 3359 176 3410 que
206 3381 213 3394 .
228 3344 259 3394 N.
273 3344 380 3407 Schiel,
400 3345 447 3410 qui
459 3345 493 3396 de
507 3361 573 3411 agro
586 3346 670 3396 Troe.

126 3413 205 3463 aenio
215 3411 331 3478 scripsit
357 3428 520 3475 roqramnra,
530 3414 601 3478 quod
612 3430 671 3479 pro-

126 3480 320 3545 diit'I'ergesti
338 3429 404 3529 leet
422 3480 593 3547 alterumque
611 3498 671 3547 pro·

126 3547 303 3666 gramqrffile
314 3547 564 3666 nrbpdipsalpdidIt
571 3549 668 3667 Opaco·

126 3631 188 3666 rrae
278 3641 336 3663 .·-
413 3631 463 3667 ver
482 3632 526 3666 urn
543 3632 585 3667 απ
601 3630 671 3667 στει-

126 3683 180 3733 iss
201 3682 294 3749 suppl.
311 3675 398 3734 τέκνα
419 3698 450 3733 τι
471 3680 521 3734 aul
544 3676 611 3743 sotir
628 3678 672 3735 ol·

126 3746 217 3810 sirac.
232 3778 264 3788 -
278 3750 377 3801 Verbis
389 3745 421 3802 ot
431 3748 464 3802 et
477 3741 506 3809 ir
518 3751 672 3811 Σαλαμῖνα

126 3819 671 3886 beneutitrrrLessinglus2Vit.Sophocl.

126 3888 166 3939 (Τ.
178 3887 253 3938 XIX.
267 3904 294 3952 p.
305 3886 357 3937 245
369 3886 411 3937 ed.
424 3887 575 3951 Carlsrah.)
593 3904 609 3938 a
623 3889 669 3938 Cr.

125 3954 267 4016 laudatus,
283 3953 382 4019 quibus
395 3954 455 4005 scil.
466 3956 608 4020 probaret,
623 3954 671 4006 So-

126 4024 252 4089 phoclem
264 4038 379 4088 puerum
393 4024 581 4089 aparentibus
593 4038 671 4074 secu-

126 4092 218 4142 ritatis
236 4106 325 4141 causa
343 4089 463 4140 delatum
481 4091 567 4141 tuisse
580 4091 609 4141 iu
622 4090 670 4140 Sa-

127 4158 256 4210 laminem
273 4158 403 4209 insulam.
430 4158 473 4209 'Iu
490 4158 563 4210 cons.
580 4158 670 4208 Bode:

127 4226 225 4278 Gssch.
239 4227 266 4278 d.
279 4225 393 4277 Hellen.
401 4226 571 4277 Dichtkunst
581 4226 631 4289 III,
648 4225 670 4276 l.

127 4294 304 4415 “if‘’ffi‘oe,
317 4355 363 4429 dl]
383 4363 437 4413 Pro
455 4361 528 4429 vulg.
543 4354 579 4429 dr}
598 4362 673 4427 equi-

721 3281 778 3337 tur,
798 3291 859 3326 curn
872 3277 900 3325 in
913 3273 1032 3334 modum,
1053 3275 1216 3339 quostiam,
1236 3278 1266 3324 ut

721 3345 774 3395 hoc
791 3349 868 3403 utar,
891 3341 1003 3393 nomina
1025 3358 1059 3391 ex
1081 3331 1160 3406 ἄρχω
1182 3341 1266 3391 ducta

723 3412 758 3462 ad
786 3412 902 3478 primam
932 3423 1019 3473 aeque
1055 3413 1138 3474 atque
1167 3423 1265 3458 secun-
1295 3411 1298 3415 ’

723 3480 786 3529 darn
809 3478 1023 3530 declinationem
1045 3476 1122 3526 flecti
1142 3480 1170 3525 et
1187 3475 1266 3527 modo

724 3548 752 3597 in
765 3549 800 3612 ῆξ
813 3545 892 3596 modo
911 3546 940 3594 in
954 3546 989 3605 ὀἶ
1007 3545 1149 3595 terminari
1164 3544 1265 3604 voluit3

724 3630 778 3680 qua
802 3613 835 3664 de
858 3628 887 3663 re
909 3613 965 3665 rid.
989 3613 1077 3677 ipsum
1101 3610 1265 3662 Bredoviunr

723 3678 1268 3813 &hiltrihthritttlir.

723 3815 928 3877 διαιτᾶσθαι,
953 3817 1030 3869 euius
1052 3814 1113 3864 loco
1131 3813 1265 3864 Schaefe-

722 3901 782 3947 rus,
795 3884 1073 3949 SchweIghaeuserus
1086 3885 1115 3931 et
1127 3880 1265 3932 Gaisiord.

723 3969 737 4003 e
751 3951 890 4002 Sancrolti
901 3951 973 4003 libro
985 3954 1148 4014 receperant
1160 3940 1267 3999 ἐνδιαι-

722 4014 874 4083 τέεσθαι,
899 4020 969 4085 quod
993 4018 1028 4069 ab
1051 4015 1185 4068 Herodoti
1208 4031 1264 4066 ser·

722 4104 802 4138 mone
821 4087 918 4138 abesse
937 4086 1087 4137 docueruut
1098 4084 1224 4136 Dindorf.
1238 4084 1267 4133 in

723 4155 874 4207 Commeat.
887 4155 921 4206 de
934 4154 1045 4204 dialect.
1056 4150 1187 4204 Herodot.
1200 4166 1266 4216 pag.

722 4223 828 4274 XXXII
841 4229 870 4273 et
881 4222 998 4273 Bredov.
1011 4237 1074 4287 pag.
1088 4217 1147 4271 381.
1178 4220 1266 4282 Supra

722 4292 758 4353 lI,
780 4289 828 4340 147
846 4306 940 4342 ornnes
956 4290 1022 4340 libri
1040 4293 1115 4338 recte
1135 4285 1266 4336 exhibent

725 4356 915 4411 decredetur.
929 4385 962 4393 -
975 4356 1054 4420 Quod
1073 4354 1106 4405 ad
1123 4366 1265 4418 argumen-
