2952 5156
259 379 299 443 92
696 370 964 435 HERODO'PI

259 553 294 621 ol
315 555 499 638 φαίνεσθαι
523 544 585 634 τὴν
607 543 726 635 φωνὴν
750 545 835 616 εἶναι
859 541 917 615 τὸν
939 540 1099 634 μυστικὸν
1112 539 1253 631 Ἴακχον.
1308 539 1449 613 edomuit

261 647 295 721 δ’
314 647 489 739 ἀδαήμονα
505 652 572 720 τῶν
591 652 673 740 [aaa
690 651 758 719 τάν
776 652 813 718 ἐν
828 644 991 719 Ἐλευσῖνι
1008 642 1067 717 τὸν
1084 642 1297 734 Δημάρητον,
1318 654 1403 734 εἰρε-

260 760 345 824 oeae
365 780 401 823 rs
425 747 545 842 αὐτὸν,
570 747 636 823 ὅτι
659 747 695 822 τὸ
714 747 950 840 φθεγγόμενον
968 750 1151 837 slavonico·
1177 741 1276 828 αὐτὸς
1295 745 1333 817 δὲ
1359 751 1404 817 εἰ·

259 952 347 1003 rodet.
360 952 396 1002 11.
409 969 434 1018 p.
448 950 483 1001 48
500 950 631 1016 (Opusce.
645 952 681 1001 II.
694 967 720 1017 p.
735 949 804 1013 322),
849 939 964 1015 ”longos
986 948 1093 1014 accipio
1115 949 1149 998 de
1171 947 1293 998 carmine
1312 961 1404 1006 sacro,

261 1025 289 1070 et
302 1021 337 1069 ad
349 1015 443 1083 aeduos
456 1026 523 1069 nott.
539 1019 607 1078 adl,
624 1018 681 1071 lll.
857 1018 939 1084 quale
957 1018 986 1067 in
1002 1016 1052 1066 illa
1069 1015 1165 1066 Iacchi
1183 1031 1283 1081 pompa
1300 1030 1404 1065 canere

293 1081 344 1137 τὸν
356 1083 492 1153 μυστικὸν
503 1077 626 1152 Ἴακχον]
639 1087 741 1152 Attigit
749 1087 806 1137 He·
856 1086 983 1136 solebant
1007 1085 1123 1145 initiati,
1148 1099 1234 1148 eoque
1257 1084 1343 1133 etiarn
1361 1097 1405 1134 re·

259 1156 373 1206 redotea
391 1157 580 1218 Hermogenes
597 1156 640 1204 De
659 1155 728 1204 ideis
743 1156 765 1204 Ι.
779 1172 804 1219 p.
857 1154 916 1204 fero
929 1154 1043 1203 verbum
1055 1144 1230 1217 ἰακχάζουσι,
1246 1150 1317 1216 quod
1330 1151 1407 1200 infra

259 1222 310 1274 223
327 1222 418 1273 Walz.
442 1223 479 1287 (p.
496 1221 555 1272 290.
576 1223 636 1272 Vol.
656 1223 692 1272 Il.
711 1223 804 1271 Rhett.
857 1221 971 1287 legitur:
990 1221 1036 1271 doc
1048 1236 1150 1271 carmen
1167 1224 1192 1269 in
1205 1219 1294 1269 [occdi
1304 1220 1407 1268 laudem

261 1290 378 1341 Graece.
402 1291 445 1341 ed.
465 1290 610 1356 Spengel),
636 1290 753 1339 laudans
778 1294 806 1339 et
856 1287 1408 1351 canunt,sive‚utVeloken.reddit:istoc

260 1359 320 1423 ipse
333 1348 511 1422 τόνἼακχον,
525 1373 606 1422 quam
617 1358 805 1408 vocemlitera
859 1357 999 1419 (clamore)
1019 1362 1123 1406 utuntur
1139 1357 1181 1405 die
1196 1357 1265 1417 sesto
1284 1355 1408 1405 Iacchum

260 1427 364 1475 initiali
382 1428 486 1476 maiore
503 1426 678 1476 scribendam
696 1427 803 1487 censui3
856 1428 960 1489 secptra
976 1426 1147 1474 inclamantes.
1184 1422 1307 1473 Offendit
1324 1421 1357 1472 O.
1373 1422 1407 1471 0.

259 1494 342 1558 vtrlgo
357 1491 467 1559 ἴακχον.
481 1521 513 1528 -—
527 1494 670 1555 „Dicaeus
683 1492 804 1554 dicebat,
856 1492 1135 1553 Muellerum(Kleine
1145 1490 1278 1541 deutsche
1287 1489 1407 1540 Schrift.

260 1564 392 1612 clamorem
405 1562 480 1611 illum
498 1561 547 1611 slbi
557 1564 640 1612 videri
650 1576 705 1612 esse
721 1563 805 1625 mysti-
858 1561 892 1610 lI.
910 1577 936 1626 p.
955 1560 1016 1622 272)
1040 1561 1069 1610 in
1085 1560 1137 1609 hae
1156 1558 1291 1608 Herodoti
1308 1573 1408 1607 narra·

259 1629 477 1681 cumlacctroa.“
512 1630 556 1679 Itu
572 1629 741 1685 Valckenor„
760 1629 806 1708 qui
857 1630 944 1686 tione,
964 1628 1034 1692 quod
1046 1628 1146 1677 Noster
1157 1628 1198 1676 sic
1210 1626 1353 1690 loquatur.
1378 1628 1409 1675 ut

261 1696 331 1763 quod
348 1703 413 1747 ante
429 1697 481 1747 has
494 1713 576 1747 voces
588 1697 702 1747 verbum
719 1689 805 1763 ᾆδον·
858 1696 1028 1745 initiatorum
1046 1711 1157 1760 pompa,
1182 1710 1251 1759 quae
1271 1693 1409 1743 Iacchum

259 1779 316 1815 των
336 1764 382 1814 vel
404 1757 564 1830 ἐξαγόντων
586 1766 722 1815 excidisse
740 1764 806 1815 olim
857 1763 988 1828 gestabat
999 1762 1149 1828 laudesque
1162 1763 1191 1811 iu
1204 1762 1263 1811 eius
1274 1762 1409 1812 honorem

259 1837 419 1898 putaverat,
433 1841 532 1898 postea
544 1834 602 1883 inre
616 1834 732 1883 retraxit
744 1848 806 1882 oon·
857 1831 1004 1895 cantabat,
1022 1831 1155 1881 Eleusine
1167 1830 1289 1879 Athenas
1308 1845 1410 1880 versus

259 1902 402 1951 iacturam.
438 1901 560 1963 leuctra,
575 1901 646 1965 quod
659 1902 728 1950 satis
741 1916 805 1950 con·
856 1900 1026 1965 processisse
1042 1899 1184 1960 rideatur,
1209 1913 1270 1947 cum
1287 1895 1410 1948 Athenis

260 1972 329 2026 stet,
349 1969 379 2018 in
396 1970 534 2032 mysteriis
546 1968 646 2018 Atticis
657 1968 806 2019 'dicebatur
855 1968 947 2034 petius
963 1967 1124 2017 Eleusinem
1141 1980 1236 2017 versus
1253 1965 1411 2030 preceden-

259 2036 379 2086 Bacctbu
393 2052 473 2101 puer,
495 2037 571 2086 ouius
586 2041 707 2086 tutuam
720 2036 805 2086 variis
856 2041 899 2085 tes
922 2035 1048 2085 initiatos
1073 2035 1203 2085 lecchum
1233 2039 1369 2084 cantasse
1395 2050 1410 2084 e

260 2104 343 2153 rebus
372 2108 497 2153 ornatam
526 2120 541 2154 e
565 2103 722 2165 Ceramico,
757 2103 806 2154 uhi
856 2104 995 2153 constanti
1019 2103 1196 2167 antiquitatis
1219 2101 1295 2151 sama
1320 2117 1410 2166 appa·

260 2169 357 2220 Iacchi
381 2171 466 2221 aedes
487 2175 562 2233 erat,
586 2173 615 2221 iu
633 2171 807 2222 Eleusiniam
857 2176 926 2221 reat.
961 2171 1056 2236 Neque
1075 2185 1141 2221 vero
1159 2170 1193 2219 ab
1206 2168 1260 2220 hac
1272 2169 1412 2220 recedere

260 2237 392 2303 templum
401 2239 533 2290 vicesimo
542 2239 748 2290 Boiidromionis
760 2239 806 2289 die
857 2239 985 2289 Nostrum
998 2239 1166 2301 existimem,
1182 2238 1229 2302 qui
1240 2252 1321 2317 quem
1334 2252 1412 2314 cqm·

261 2306 369 2371 quando
392 2306 557 2357 deserebant
578 2307 685 2357 initiati
705 2322 806 2373 magno
858 2311 992 2356 memorat
1008 2302 1158 2369 κονιορτὸν
1180 2319 1325 2371 zoaram
1347 2298 1412 2357 aad

261 2390 294 2423 ao
307 2373 434 2425 sollemni
445 2390 553 2441 pompa,
567 2375 695 2439 hymnum
708 2377 736 2425 ln
747 2375 807 2425 lau·
854 2367 1023 2436 Ἐλευσῖνος,
1037 2374 1178 2440 pulverem
1190 2373 1331 2423 intellexit
1341 2374 1412 2425 inde

260 2441 322 2492 dem
334 2442 431 2493 Iacchi
446 2443 638 2508 compositum,
658 2441 766 2508 qualem
780 2459 805 2494 v.
858 2443 894 2493 ab
910 2442 1043 2492 Eleusine
1061 2443 1195 2493 orientem
1217 2446 1245 2491 et
1261 2442 1357 2492 ventis
1376 2458 1412 2492 ex

261 2525 285 2561 o.
304 2509 416 2560 exhibet
436 2511 635 2577 Aristophanes
656 2512 728 2561 Rau.
745 2510 804 2573 401,
858 2510 975 2561 adverso
1003 2510 1132 2560 flentibus
1162 2509 1273 2559 obvium
1300 2508 1412 2560 iactum

261 2582 421 2640 cantantes,
438 2579 467 2628 id
480 2579 618 2630 vocabunt
631 2570 745 2643 ἐξάγειν
756 2570 807 2630 τὸν
858 2578 987 2640 initiatis,
998 2579 1044 2643 qui
1054 2594 1151 2643 eampo
1160 2576 1288 2628 Thriasio
1299 2579 1413 2641 egressi

250 2639 380 2711 Ἴακχον,
398 2646 431 2697 de
445 2662 498 2712 quo
510 2647 589 2712 plura
601 2647 683 2698 attuli
696 2647 731 2697 ad
743 2646 806 2696 Plu·
858 2648 969 2712 propius
992 2646 1027 2696 ad
1048 2645 1210 2696 Eleusinem
1231 2645 1414 2696 accedebant

261 2714 350 2765 tarcb.
360 2714 498 2765 Alcibiad.
505 2732 531 2781 p.
539 2715 598 2771 245,
608 2715 656 2765 nbi
665 2715 719 2765 vid.
726 2730 806 2780 prae·
857 2715 983 2779 beneque
1006 2712 1082 2764 illum
1103 2712 1261 2779 prospicere
1279 2712 1413 2778 adeoque
1460 2713 1464 2719 ’

260 2782 355 2832 sertIm
368 2781 807 2848 cremer.syme01.1V.peg.3ee
857 2783 912 2848 ipsi
934 2782 1036 2834 sentire
1059 2786 1200 2848 poterant,
1224 2795 1285 2830 cum
1306 2788 1414 2832 ventus

261 2864 319 2913 seq.
342 2849 410 2899 Add.
425 2849 455 2899 C.
469 2850 514 2900 Fr.
528 2851 681 2901 Hermann:
696 2850 805 2901 Gottes·
857 2850 997 2916 pulverem
1007 2850 1042 2900 ad
1051 2851 1171 2928 ipsorum
1184 2864 1233 2898 ora
1242 2848 1411 2900 adveheret.

261 2916 370 2967 dienstl.
384 2917 547 2967 Alterthiim.
562 2918 588 2968 d.
603 2918 712 2969 Griech.
726 2919 750 2979 5.
763 2918 805 2969 55.
898 2910 975 2969 εἷναι
1000 2909 1030 2967 d’
1053 2909 1221 2983 αδαήμονα]
1249 2916 1304 2967 Pro
1329 2908 1414 2969 εἶναι

221 3013 224 3019 ·
261 2989 317 3034 not.
327 2982 358 3033 10
367 2984 482 3043 ed.see.,
494 2986 681 3037 Schoemann:
695 2985 805 3036 Grieoh.

260 3050 379 3102 Alterth.
397 3052 433 3103 II.
451 3069 477 3117 p.
490 3052 541 3104 343
558 3068 634 3119 seqq.
654 3060 683 3104 et
699 3054 806 3119 praeci-

261 3135 314 3185 pue
326 3119 484 3171 Fritzsche:
507 3121 550 3171 De
567 3122 690 3171 carmine
702 3121 806 3172 Aristo-

261 3186 361 3253 phanis
374 3189 489 3251 mystico
507 3186 648 3250 (Rostoch.
663 3187 806 3239 18400011.

262 3255 297 3305 ad
309 3254 484 3320 Aristophan.
502 3256 592 3306 Rana.
610 3273 636 3321 p.
657 3256 703 3306 187
718 3256 806 3322 seqq.)

261 3339 324 3389 pag.
337 3323 370 3373 25
388 3339 463 3389 seqq.
502 3315 615 3390 ἐξάγειν
633 3326 662 3373 in
678 3340 707 3374 re
725 3340 807 3377 sacra

260 3392 367 3456 pariter
378 3392 533 3442 invenimus
544 3392 696 3442 adhibitum
707 3393 741 3442 ab
751 3393 807 3442 He·

261 3460 357 3509 rodoto
368 3460 410 3518 ΙΙ,
422 3459 464 3511 45.
491 3460 561 3509 ‘l'um
572 3476 638 3510 vero
650 3461 735 3509 etiam
748 3461 807 3525 ipse

261 3527 310 3576 ille
320 3526 444 3590 hymnus,
452 3542 530 3592 quem
537 3528 566 3577 in
572 3527 698 3607 sollemni
707 3543 807 3593 pompa

857 2985 1002 3037 Vllloison.
1028 2986 1063 3036 ad
1083 2986 1122 3036 St
1147 2984 1228 3036 Croix
1249 2984 1412 3036 Recberoh.

857 3068 904 3104 sur
915 3054 935 3103 l.
949 3057 1028 3119 myst.
1043 3053 1068 3103 d.
1081 3069 1183 3119 pagan.
1197 3053 1220 3102 I.
1233 3068 1259 3117 p.
1272 3051 1323 3103 327
1342 3054 1412 3103 sub·

857 3121 936 3172 stitui
952 3121 1011 3172 vult
1028 3115 1120 3185 ἱέναι,
1138 3126 1168 3171 ut
1185 3120 1249 3170 inde
1266 3120 1328 3170 soil.
1348 3123 1412 3172 exi·

857 3193 914 3240 stat
930 3189 1083 3240 sententia:
1103 3204 1205 3250 ‚aecem
1223 3189 1338 3239 eminam
1350 3205 1413 3240 csse

857 3273 874 3307 α
882 3263 986 3320 mystico
996 3257 1133 3313 Bucct0“.·
1148 3271 1201 3322 que
1213 3271 1281 3306 sane
1291 3257 1412 3308 minime

858 3340 935 3391 opus.
974 3326 1032 3375 Nec
1054 3326 1144 3389 magis
1165 3339 1234 3390 opus
1254 3325 1412 3390 participio

875 3386 1030 3455 ινομέναν,
1055 3393 1126 3458 quod
1149 3396 1213 3458 post
1239 3407 1324 3442 voces
1349 3392 1412 3444 τῶν

857 3409 890 3512 dc
903 3449 1043 3511 Ἐλευσῖνι
1060 3459 1143 3525 vulgo
1158 3461 1290 3510 insertum
1308 3466 1413 3512 tenent

858 3528 1039 3591 Schaeferus,
1066 3528 1165 3580 Matth.
1190 3532 1218 3578 et
1244 3526 1306 3577 edd.
1331 3544 1409 3580 rece.

261 3594 370 3644 cantari
382 3594 511 3652 dlximus,
524 3596 677 3646 uocabatur
693 3598 805 3661 Ιανχος,
856 3596 992 3661 Equidem
1015 3611 1076 3646 cum
1094 3594 1246 3659 Schweigh.
1268 3600 1297 3646 et
1313 3595 1410 3649 enisa

261 3666 332 3711 teste
351 3662 472 3725 Hesych.
491 3677 512 3712 s.
531 3678 557 3713 v.
574 3663 611 3713 ΙΙ.
628 3678 699 3734 pag·
712 3664 741 3723 5,
759 3663 806 3713 ubi
856 3664 970 3715 verbum
983 3663 1129 3725 ascholio,
1148 3663 1309 3724 utvidetur‚
1327 3663 1410 3716 inve·

261 3729 287 3778 le
309 3731 378 3780 'mus
396 3730 468 3780 inter
485 3730 555 3780 alia:
574 3726 625 3781 soi
641 3722 659 3797 ἡ
677 3724 751 3797 udi,
768 3717 807 3796 ἣν
858 3737 930 3782 ctum
941 3731 1412 3784 etInduobuseoddParissemis-

261 3787 623 3917 tuendus
642 3783 805 3917 cleu
1068 3866 1411 3919 ..a

261 3922 359 3997 γάζαν
371 3881 443 3983 idengr
453 3932 523 3998 quod
531 3923 615 3999 ᾄδειν
623 3882 805 4000 itvqroesxoq
856 3883 1066 4001 destituendus
1079 3883 1216 3986 etlillata
1226 3934 1262 3984 ad
1270 3935 1332 3995 vn,
1347 3934 1409 3986 188.

262 3999 412 4065 interprete
425 4000 547 4064 Hesyoh.
565 4017 586 4051 s.
600 4016 625 4051 r.
641 3991 684 4052 δι’
696 3991 805 4066 άγοράς
890 3994 976 4063 αὐτὸς
986 3995 1019 4054 di
1029 3997 1235 4067 slastvhlxet'v
1243 4003 1411 4055 eumeniae.

260 4067 283 4118 1.
297 4083 362 4134 pag.
377 4066 437 4117 939.
465 4067 557 4119 Schol.
575 4069 712 4134 Aristoph.
734 4071 805 4119 Ran.
857 4074 886 4121 et
897 4071 997 4122 Matth.
1010 4070 1075 4121 dedi
1086 4069 1219 4121 librorum
1236 4086 1270 4120 ex
1282 4076 1410 4123 auctori-

261 4133 313 4185 324
330 4139 358 4185 et
375 4134 464 4186 Gloss.
477 4136 622 4197 Herodot,
639 4137 688 4186 ubi
705 4130 805 4203 ἰανχά-
857 4144 926 4189 tate.
965 4138 1056 4205 Vulgo
1077 4130 1172 4199 εἶπαι,
1197 4138 1277 4203 idque
1290 4138 1410 4191 Belslxe·

262 4202 372 4265 ζονοιν·
396 4197 523 4267 λέγουσι,
542 4203 714 4268 φλυαροῦσι,
735 4219 805 4269 quae
857 4221 916 4266 rus,
928 4222 1008 4271 quem
1020 4211 1137 4258 reeentt.
1151 4206 1211 4257 edd.
1224 4207 1315 4257 secuti
1329 4214 1410 4271 snut,

262 4270 360 4320 eadem
381 4270 468 4321 hahet
489 4270 589 4322 fluidas
611 4272 630 4325 l.
648 4271 666 4323 l.
707 4272 806 4337 ltaque
856 4274 980 4324 retinuit.
1015 4273 1091 4324 ldem
1107 4274 1165 4326 leci
1181 4273 1264 4340 paulo
1283 4275 1410 4327 inferius

261 4338 292 4388 in
307 4338 442 4390 Herodoti
458 4338 509 4390 hoe
527 4338 587 4390 loco
604 4332 653 4391 τὸν
670 4332 807 4408 μυστικὸν
857 4346 886 4392 et
898 4342 974 4405 VIII,
986 4341 1020 4395 73
1031 4341 1076 4393 lin.
1089 4340 1131 4393 68.
1144 4344 1168 4404 fi.
1184 4342 1207 4392 l.
1220 4340 1337 4395 saltz
1354 4344 1407 4407 lx,
