2932 5124
404 374 667 435 CALLIOPE.
693 375 751 433 IX.
777 383 818 435 10.
842 384 883 435 11.
1152 375 1214 436 235

93 546 229 636 κεόμενοι
251 542 317 616 ὑπό
339 541 469 635 ὑμέων,
504 544 578 635 χήτι
599 572 635 614 τε
664 543 863 634 συμμάχων,
899 541 1141 613 καταλύσονται
1169 546 1217 637 τῷ

53 651 200 737 σϋσΠέρσρ
217 644 316 735 οὕτω,
334 645 420 728 ὅκως
437 642 480 717 dv
498 645 674 717 δύνωνται.
700 644 962 736 καταλυσάμενοι
982 645 1031 734 δὲ,
1051 648 1135 733 δῆλα
1152 643 1216 734 γάρ

94 749 129 838 δὴ
143 747 188 820 ότι
204 747 368 839 σύμμαχοι
386 752 537 836 βασιλέος
552 747 727 839 γινόμεθα,
745 744 1070 838 συστρατευσόμεθα,
1090 749 1143 816 ἐπὶ
1154 743 1216 834 τὴν

92 845 128 920 ric
157 854 274 921 ἐκεῖνοι
310 854 514 939 ἐξηγέωνται.
550 845 646 939 ὑμεῖς
680 852 717 920 δὲ
751 847 787 919 τό
817 852 978 920 ἐυθεῦτεν
1005 846 1214 938 μαθήσεσθε,

93 948 190 1022 όκοῑον
211 949 254 1022 ἄν
278 982 309 1022 τι
330 948 412 1042 ὑμῖν
436 956 468 1036 ἐξ
493 947 598 1021 αὐτοῦ
622 955 768 1040 ἐκβαίνῃ.
810 954 920 1021 Ταῦτα
953 947 1121 1037 λεγόντων
1148 943 1216 1020 τῶν

93 1050 226 1142 ἀγγέλων
254 1059 291 1123 oi
311 1060 426 1143 ἔφοροι
451 1052 549 1123 εἶπαν
573 1049 626 1122 ἐτ’
645 1048 765 1142 ὅρκον,
789 1055 844 1122 καὶ
868 1049 910 1141 δὴ
929 1054 1058 1122 δοκέειν
1076 1051 1161 1122 εἶναι
1180 1054 1217 1121 ἐν

92 1153 243 1248 Ὀρεστείῳ
265 1163 455 1245 στείχοντας
480 1156 533 1223 ἐπὶ
556 1151 633 1236 τούς
657 1158 794 1238 ξείνους.
831 1157 959 1238 ξείνους
986 1150 1049 1242 γάρ
1081 1151 1217 1224 ἐκάλεον

93 1254 157 1338 τούς
172 1255 370 1347 βαρβάρους.
394 1262 429 1326 oi
445 1256 499 1345 δὲ,
519 1251 563 1336 οἱς
580 1251 642 1326 οὐκ
661 1254 796 1344 εἰδότες,
816 1253 1012 1344 ἐπειρώτεον
1028 1253 1065 1325 τό
1083 1253 1215 1345 λεγόμε-

93 1427 146 1470 uter.
161 1420 217 1472 032.
233 1423 305 1472 Rau.
324 1420 382 1471 3ll.
401 1420 459 1471 413.
478 1420 526 1470 421
538 1420 619 1472 Both.
672 1426 734 1472 aiut.
772 1422 833 1472 vid.
856 1420 954 1470 Matth.
978 1420 1025 1470 Gr.
1045 1421 1090 1471 Gr.
1113 1422 1138 1479 ,8.
1154 1419 1215 1483 633,

93 1489 215 1540 Plutarch.
227 1491 299 1540 Mor.
312 1489 349 1539 II.
364 1505 427 1554 pag.
441 1487 527 1539 ectu.
546 1489 620 1539 Hinc
673 1491 719 1610 qui
731 1490 803 1540 idern
816 1492 839 1550 §.
850 1488 899 1539 584
913 1488 1070 1539 consulatur
1083 1488 1118 1538 ad
1129 1489 1216 1538 verba

93 1572 183 1621 quoque
199 1573 295 1608 cauere
314 1557 385 1622 apud
402 1556 554 1622 Theognid.
570 1555 621 1606 055
687 1548 718 1607 α’
729 1546 1032 1620 ὅρκου(ἰ.ο.ίιαοταεαιο
1044 1556 1215 1621 iuterpoaite).

93 1624 166 1687 (507),
181 1625 228 1674 ubi
241 1625 318 1675 coni.
332 1623 470 1674 Welcker.
484 1640 548 1689 pag.
562 1624 620 1673 127.
672 1626 803 1677 Kuehuor
815 1624 861 1674 Gr.
876 1623 923 1673 Gr.
936 1626 960 1685 ξ.
973 1622 1036 1685 014,
1050 1625 1076 1684 Ι,
1091 1640 1115 1674 a.
1130 1623 1215 1689 expli·

93 1693 150 1742 Num
162 1697 316 1758 utrumque,
337 1696 365 1743 at
382 1691 496 1742 saltatio
513 1698 542 1742 et
556 1708 621 1742 can·
673 1699 732 1744 cat:
752 1695 825 1759 quusi
835 1692 964 1741 audatrato
976 1691 1021 1741 vel
1032 1694 1165 1756 αιμροαλο
1177 1694 1214 1740 iu·

92 1760 161 1819 tatia,
184 1761 217 1811 ad
241 1762 345 1811 fautum
363 1760 415 1810 rite
433 1760 621 1825 peragendum
671 1767 795 1813 ramento.
831 1761 900 1825 Apte
919 1758 992 1809 Gall.
1008 1758 1060 1821 (La
1082 1759 1216 1824 philolog.

91 1830 202 1892 pertinet.
672 1831 719 1880 IV.
737 1844 773 1893 pa
795 1827 879 1887 aul)
902 1826 1025 1875 meminit
1046 1826 1144 1876 similia
1161 1827 1216 1876 t'or·

118 1889 174 1961 χήτι
184 1912 213 1947 τε
225 1887 393 1975 συμμάχων]
413 1897 431 1946 i.
443 1911 467 1944 e.
479 1896 567 1960 iuopc'd
579 1912 620 1946 εο-
673 1897 764 1947 mulae
775 1844 830 1946 {nl
846 1892 903 1944 τῶν
921 1888 1005 1957 [speie
1021 1884 1124 1957 ὀμόσαι
1143 1893 1217 1959 apud

91 1966 178 2014 εἰοηινι
195 1964 286 2029 Vulgo
301 1958 449 2029 χητεΐτε
461 1977 537 2027 συμ.,
550 1963 621 2027 quod
672 1967 754 2015 Dion.
763 1963 873 2014 Helico.
884 1963 994 2026 Autiqq.
1005 1963 1055 2012 ΙΙΙ.
1068 1979 1094 2028 p.
1111 1962 1166 2019 754,
1180 1961 1216 2012 al.

90 2032 323 2096 poatiichaciorum
332 2031 525 2081 tenuitMatth.
538 2032 622 2095 Equi·
671 2032 806 2098 Equidem
828 2031 901 2081 heud
918 2031 975 2079 acio
993 2045 1029 2080 an
1046 2030 1080 2080 ad
1101 2030 1216 2079 eundem

92 2098 218 2159 deurdadi¹
231 2099 306 2165 quod
316 2100 346 2149 iu
355 2099 515 2149 Florentino
527 2099 620 2148 aoPa·
672 2117 749 2151 uuum
767 2099 981 2165 praepositionis
997 2089 1044 2148 int
1062 2114 1122 2148 eum
1140 2098 1217 2161 geni·

91 2166 229 2217 rhinouuo
246 2168 364 2232 legitur,
384 2166 621 2231 quodqueaBak·
672 2171 728 2219 tivo
752 2168 851 2218 referri
874 2167 987 2227 debeat,
1014 2167 1084 2231 quod
1108 2166 1218 2216 Plutar-

91 2231 160 2297 ξατο,
180 2250 258 2300 quarn
276 2239 429 2299 sequuntur
445 2234 572 2284 Dindort‘.
594 2240 622 2283 et
673 2237 740 2286 chus
753 2236 821 2285 dixit
832 2236 860 2283 in
873 2234 1021 2283 Alexandr.
1032 2234 1066 2285 23
1079 2234 1152 2283 init:
1167 2223 1217 2313 ἐφ’

91 2301 212 2365 nicaen,
230 2308 310 2353 recte
326 2303 476 2368 repositum
489 2302 561 2363 vidi3
587 2318 621 2351 ac
673 2295 819 2367 ἑκάστης
851 2297 997 2359 κύλικος
1030 2292 1077 2352 det
1106 2315 1217 2365 μακρον

92 2369 202 2432 probarit
218 2386 328 2435 quoque
346 2369 461 2420 Bredov.
499 2385 543 2434 ag.
561 2368 620 2419 208.
672 2388 737 2422 τινα
747 2364 831 2436 λόγον
841 2363 1051 2433 διατιθέμενος,
1063 2373 1091 2418 et
1100 2385 1161 2434 cap.
1169 2368 1216 2419 53:

92 2435 246 2488 (iaialordius
260 2439 407 2489 abiecerat
418 2452 462 2499 τε,
479 2386 621 2487 8εοοτοῆὶ
673 2431 821 2490 ἐπαινέσαι
835 2433 1000 2493 κελευσθείς
1013 2429 1071 2487 ἐπὶ
1084 2435 1144 2486 τοῦ
1157 2451 1216 2486 τιο-

92 2510 160 2568 atque
177 2506 293 2556 alterius
310 2505 375 2555 libri
394 2521 426 2555 ex
445 2506 619 2555 auctoritato.
672 2505 809 2572 τηρίου,
836 2504 905 2569 quod
924 2503 1119 2567 Wytteubach.
1142 2503 1217 2567 (Plu-

90 2571 143 2634 Ipaa
157 2573 256 2624 locutio
270 2574 435 2623 Homerica:
455 2573 493 2623 ci.
509 2573 553 2622 lli.
572 2573 618 2632 vl,
673 2575 760 2625 tuteli.
774 2573 845 2639 Opp.
855 2572 937 2634 VIII,
953 2572 975 2620 l.
988 2587 1052 2636 pag.
1066 2570 1126 2633 020)
1140 2576 1216 2622 rocta

91 2638 141 2689 liii:
160 2637 240 2707 χήτεϊ
258 2629 373 2691 τοιοῦδ’
388 2631 504 2704 άνδρός.
523 2641 560 2690 cs.
575 2641 619 2691 Ili.
674 2643 778 2708 accipit
795 2642 831 2690 ud
844 2643 971 2704 poculum,
993 2641 1061 2689 inter
1077 2638 1216 2691 bibenduua

92 2706 214 2767 xlxett.
229 2707 621 2771 Odyas.XV1,35.Hymnin
673 2711 754 2761 Cous.
778 2710 861 2758 etiam
880 2707 912 2758 G.
930 2707 1016 2757 Wolff
1036 2706 1071 2756 ad
1088 2706 1216 2772 Sophocl.

92 2774 166 2839 ipoll.
174 2776 215 2827 78.
228 2775 358 2841 Apellen.
370 2776 457 2826 Rhod.
467 2776 490 2837 1,
502 2774 560 2825 887.
573 2776 620 2835 tv,
671 2779 750 2828 diac.
767 2775 838 2824 4208.

91 2838 115 2889 01
126 2843 347 2895 collBlomticld.
357 2844 386 2893 in
396 2844 517 2895 Glossar.
528 2843 620 2893 adde·
718 2837 749 2894 ἐν
770 2837 916 2907 Ὀρεστείῳ
940 2840 1113 2907 στείχοντας]
1142 2842 1217 2892 hiala

92 2910 334 2978 achyliligamemn.
344 2910 403 2961 408.
422 2911 489 2961 Inde
504 2911 538 2961 ad
551 2910 621 2961 aliua
672 2913 812 2963 Sancrosti
822 2910 1058 2975 Ιίλιοτστίχοντας.
1077 2909 1216 2973 Coralli,

92 2980 186 3029 transiit
202 2981 369 3045 scriptores,
393 2984 425 3029 ut
445 2983 583 3028 teatautur
605 2995 621 3027 a
672 2980 714 3031 70.
751 2979 919 3043 intelligitur
939 2978 966 3027 h.
984 2977 1002 3027 l.
1019 2977 1115 3043 procul
1134 2978 1217 3028 dubio

93 3043 237 3097 Ruhnkenio
253 3047 345 3097 allata
358 3047 393 3096 ad
405 3047 512 3095 Timaei
525 3047 621 3097 Loxic.
672 3048 832 3098 Orestem.
844 3047 951 3096 Oroatia
959 3045 1098 3111 templum,
1109 3047 1218 3111 Tegea·

92 3111 181 3165 Pluton.
198 3131 220 3165 a.
231 3131 259 3165 v.
274 3131 341 3179 pag.
354 3114 405 3164 275
422 3120 451 3163 et
465 3130 482 3163 a
493 3115 620 3177 Wytten·
672 3121 761 3166 tarum
779 3114 879 3164 finitus
896 3115 1019 3163 vicinum
1037 3119 1066 3163 et
1081 3115 1162 3163 aitmu
1182 3114 1217 3163 ud

93 3177 158 3232 bach.
175 3182 209 3232 ad
222 3181 364 3232 Plutarch.
377 3181 474 3232 Moral.
489 3182 510 3230 l.
523 3199 548 3247 p.
560 3181 620 3231 485.
673 3200 735 3233 earn
747 3184 834 3243 viam,
854 3196 924 3245 quaa
943 3198 959 3230 a
972 3180 1141 3246 Megalopoli
1153 3181 1218 3229 Pal·

92 3248 124 3297 rid
134 3252 280 3312 proximum
291 3250 403 3300 verbum
412 3243 621 3299 καταλύσονται
672 3251 788 3302 lantiurn
801 3257 883 3313 atquo
896 3249 1020 3313 Tegeam
1033 3249 1118 3297 ducit.
1154 3249 1217 3299 Vid.

93 3318 219 3369 litiaicitiis
240 3320 368 3382 depositio
386 3319 549 3380 portarentur
568 3334 622 3365 eunt
672 3320 791 3369 Pausan.
805 3317 883 3377 VIII,
897 3316 913 3365 3
927 3317 1043 3375 et4⁴l.§.
1059 3314 1081 3364 l.
1095 3315 1119 3364 2.
1138 3315 1217 3364 Euri—

92 3381 169 3445 l’erca)
180 3386 255 3437 coni.
266 3387 327 3435 citt.
342 3385 377 3434 ad
391 3385 451 3445 Vll,
464 3383 481 3434 o
493 3390 521 3434 et
534 3384 622 3434 allata
672 3387 729 3452 pid.
754 3386 845 3435 Oreat.
865 3381 939 3432 1040.
961 3383 1033 3432 Plut.
1052 3382 1166 3432 Ariatid.
1188 3382 1218 3431 10

93 3449 120 3498 ud
133 3451 268 3503 Plutarch.
291 3451 460 3516 Philopoem.
480 3451 519 3502 15.
542 3468 568 3517 p.
587 3452 620 3501 55
672 3454 717 3503 fin.
731 3451 883 3515 Thucydid.
897 3452 934 3512 V,
947 3449 980 3499 64
999 3450 1093 3515 ibique
1110 3449 1215 3500 Duker.

92 3530 138 3581 seq.
155 3526 181 3569 ct
191 3521 314 3571 Flamin.
328 3520 353 3569 0.
368 3535 431 3585 pag.
446 3519 502 3569 102.
539 3519 619 3569 Cous.
673 3527 701 3572 et
718 3522 831 3581 lineae,
852 3518 974 3567 Curtius:
993 3518 1175 3581 Peloponnen.
1194 3519 1215 3569 I.

93 3586 162 3636 eiiam
176 3588 281 3638 Herod.
300 3588 379 3649 VIII,
401 3586 456 3637 140.
479 3588 503 3647 §-
523 3588 546 3636 l.
588 3588 620 3636 Iu
672 3586 863 3654 pag.3ldseq.
881 3586 1217 3651 EtcouierquoqueSta-

92 3653 169 3725 gerbin
192 3656 375 3721 aequantibus
398 3652 473 3719 δῆλα
496 3646 550 3720 γάρ
573 3648 618 3720 δὴ,
672 3657 754 3721 phau.
765 3656 831 3717 Byz.
846 3669 868 3703 a.
882 3670 907 3704 u.
920 3643 1046 3717 Ὀρέσται
1060 3657 1088 3704 et
1099 3658 1168 3703 nott.
1182 3653 1217 3703 ad

92 3732 127 3768 οτι
151 3714 292 3788 σύμμαχοι
320 3716 452 3789 βασιλέος
476 3715 620 3787 γινόμεθα
672 3720 870 3784 Ηοτοδ.1,08.
964 3720 967 3727 “

93 3786 267 3842 atatvocuia
280 3783 318 3854 δὴ
337 3806 355 3840 a
367 3789 505 3855 plerisque
520 3790 620 3840 codici·
707 3787 819 3852 ξείνους
831 3782 886 3854 γάρ
900 3780 1019 3839 ἐκάλεον
1030 3781 1098 3847 τούς
1111 3780 1217 3854 βαρβά-

93 3852 132 3903 tua
146 3874 177 3907 uc
192 3860 238 3909 vix
257 3864 334 3908 recte
350 3857 465 3907 retineri
481 3873 562 3923 peace
581 3859 621 3907 vi·
673 3856 749 3922 ρους]
763 3858 933 3922 Repetuntur
944 3857 1015 3908 haec
1027 3857 1101 3906 infra
1114 3858 1161 3917 IX,
1174 3857 1216 3906 55.

93 3919 158 3972 detur
165 3925 318 3987 Dietachio,
333 3927 380 3989 qui
392 3925 456 3975 indo
469 3927 547 3975 uncia
560 3940 620 3975 eam
671 3927 800 3976 Nostrum
813 3925 902 3975 locum
914 3924 1170 3989 respexitEuatath.
1182 3925 1217 3973 ad

92 3986 187 4042 iucluait
203 3999 338 4058 tauquam
351 3993 481 4057 spuriam.
511 3992 621 4057 Reliqui
671 3994 752 4044 Iliad.
765 4009 829 4059 pag.
838 3991 896 4051 428,
908 3990 942 4039 26
953 4007 975 4041 a.
985 3991 1045 4051 321,
1058 3993 1098 4053 25,
1111 3992 1218 4043 eodem-

94 4056 196 4110 edituree
206 4063 390 4111 rethrucrunt.
672 4077 724 4126 que
742 4063 883 4125 pertinent
900 4058 1010 4121 glossae
1024 4059 1158 4123 Hesychii
1170 4060 1217 4121 (lI.

123 4116 214 4178 iactor
229 4120 270 4179 ἄν
285 4145 312 4178 τι
328 4120 401 4193 ὑμῖν
423 4119 452 4190 ἕξ
469 4117 560 4178 αὐτοῦ
577 4118 621 4177 ἐκ·
672 4144 736 4194 pag.
750 4127 821 4191 702.)
838 4133 867 4177 et
878 4127 968 4177 Servii
984 4126 1019 4177 ad
1036 4127 1149 4191 Virgilii
1165 4126 1217 4177 Ac·

92 4186 175 4259 βαίνῃ]
187 4196 227 4246 lid
237 4198 351 4247 verbum
360 4196 459 4246 reddas
470 4195 551 4246 licet:
569 4198 622 4247 Vos
674 4197 746 4246 naid.
760 4197 812 4256 IV,
824 4195 888 4256 424,
908 4210 976 4259 quaa
993 4210 1054 4244 cum
1067 4194 1130 4243 aliia
1143 4195 1216 4243 axci-

93 4272 141 4309 Μαι
151 4264 209 4327 quid
221 4266 280 4314 iude
289 4268 337 4327 flat
350 4271 520 4326 τοραοειείίε,
538 4267 622 4329 quale·
674 4269 716 4314 tat
727 4263 834 4314 Ullrich
848 4265 889 4312 De
902 4278 1012 4326 proxen.
1026 4278 1089 4327 pag.
1102 4262 1135 4311 27
1153 4261 1216 4311 cell.

92 4340 174 4393 Mure
182 4332 241 4395 sere
253 4334 282 4383 id
290 4335 332 4392 ait,
343 4334 413 4398 qued
423 4334 481 4383 iude
491 4332 622 4384 υοδὶεευτ-
672 4331 745 4382 Plut.
765 4330 878 4382 Ariutid.
899 4328 937 4381 lll.
955 4346 1018 4396 pag.
1035 4329 1123 4381 aton.
1159 4329 1218 4378 Nec
