2984 5154
226 354 267 414 54
661 332 928 397 HERODOTI

181 528 222 594 30
229 546 349 599 νοντας
371 519 427 585 καί
446 511 635 591 διώκοντας.
678 505 823 587 Τούτους
848 506 886 574 δὲ
902 502 980 586 τούς
1000 500 1061 572 δύο
1079 503 1208 589 Δελφοί
1232 500 1367 587 λέγουσι

228 621 313 692 εἶναι
339 621 534 707 ἐπιχωρίους
551 607 678 703 ἥρωας,
703 605 863 680 Φύλακόν
886 633 921 703 τε
944 607 1000 675 καί
1024 600 1212 690 Αὐτόνοον,
1237 604 1305 671 τῶν
1326 597 1369 671 τὰ

227 718 365 812 τεμένεό
384 722 451 789 ἐστι
474 717 550 805 περὶ
567 710 604 783 τό
623 708 712 803 ἱρόν,
732 707 891 781 Φυλάκου
908 708 970 798 μὲν
988 701 1067 795 παρ’
1086 700 1192 792 αὐτὴν
1208 699 1270 791 την
1286 697 1369 773 ὁδόν

228 820 418 910 κατύπερθε
442 821 501 888 τοῦ
525 817 602 905 ι’ροῦ
622 817 680 902 τῆς
703 819 891 902 Προνηΐης,
929 805 1101 880 Αὐτονόου
1126 807 1163 876 δὲ
1187 808 1286 886 πέλας
1309 807 1369 893 τῆς

230 929 419 1010 Κασταλίης
436 915 502 988 ὑπό
519 920 561 1007 τῇ
578 911 736 1004 ’Ταμπείη
755 915 896 1002 κορυφῇ.
935 914 980 981 01
997 911 1033 979 dl
1051 906 1209 987 πεσόντες
1227 902 1291 976 ἀπό
1308 910 1372 976 τοῦ

230 1125 315 1172 iorem
324 1116 453 1169 heroibus
462 1120 595 1167 staturum
606 1113 773 1175 tribuebant,

232 1195 259 1239 et
270 1185 526 1239 add.L.F.Fenner
534 1198 586 1232 ron
597 1181 773 1245 Fennoberg:

230 1254 478 1318 Untersuclrungen
497 1252 565 1300 tiber
583 1250 627 1298 die
646 1250 773 1313 Langen·

230 1338 321 1373 masse
333 1321 384 1371 der
394 1319 498 1370 lelrer
510 1319 538 1367 d.
548 1317 664 1366 Alterth.
679 1317 774 1378 (Bero-

229 1391 280 1441 nni
302 1386 376 1450 1859)
394 1403 459 1453 pag.
480 1384 519 1435 16.

399 1555 467 1606 Cur.
486 1553 611 1604 XXXIX.

264 1651 341 1725 εἶναι
365 1648 535 1721 ἐπιχωρίους
556 1642 663 1720 ἥρωας]
693 1655 737 1703 Ita
754 1658 775 1702 'e

230 1726 393 1779 Florentino
417 1723 535 1788 aliisque
558 1722 622 1772 dedi
649 1738 710 1771 cum
733 1737 775 1771 re·

232 1799 318 1847 ccntt.
342 1792 404 1843 edd.
445 1790 534 1856 Vulgo
562 1789 674 1840 verbum
699 1782 777 1839 εἶναι

231 1862 344 1927 reliquis
363 1859 544 1926 postponitur.
576 1857 665 1907 Simili
685 1860 776 1906 antem

231 1930 310 1980 modo
326 1927 480 1977 Pausanias
499 1924 596 1973 scribit
608 1925 646 1984 X,
659 1922 701 1973 23.
714 1925 737 1985 ξ.
750 1922 774 1983 3,

232 1996 320 2047 Gallis
340 2009 445 2060 quoque
463 1991 603 2041 terribiles
616 1992 776 2055 adparuisse

233 2070 289 2114 tres
306 2062 406 2111 heroes
425 2059 526 2125 templo
541 2058 672 2108 auxilium
686 2059 781 2119 seren·-

231 2137 288 2193 tee,
300 2129 472 2188 Leodocum,
487 2125 693 2191 Hyperochum‚
710 2126 776 2188 Pyr-

232 2198 323 2258 rhum3
343 2195 441 2260 quibus
459 2199 572 2259 quartus
585 2194 669 2243 etiam
682 2207 699 2241 a
711 2193 777 2242 Del-

234 2265 297 2332 phis
310 2266 473 2314 accensetur
484 2260 631 2324 Phylacus‚
646 2261 777 2325 indigena

232 2333 327 2392 heroa,
346 2330 424 2381 cuius
437 2327 569 2379 sacellum
581 2343 665 2394 prope
678 2328 778 2377 Miner-

232 2416 285 2451 vae
304 2400 447 2449 Pronaeae
465 2396 595 2462 templum
617 2411 777 2445 commemo·

233 2473 278 2518 rat
290 2468 362 2517 idem
374 2465 530 2515 Pausanias
542 2465 576 2527 X,
589 2462 614 2512 8.
628 2465 651 2524 ἕ.
664 2464 688 2513 4.
708 2464 779 2527 Phy-

233 2536 290 2585 laci
308 2539 391 2599 atque
409 2533 528 2582 Autonoi
550 2526 682 2597 τεμένεα,
708 2546 778 2648 puae

233 2603 390 2652 Herodotus
418 2600 516 2650 scribit
543 2599 629 2650 fuisse
657 2613 710 2662 περ
745 2590 778 2647 τὸ

233 2663 307 2735 ἱρόν,
318 2671 337 2720 i.
345 2685 369 2719 s.
382 2668 458 2718 circa
468 2666 575 2732 (prope)
587 2666 717 2732 templum
728 2667 778 2715 bli-

233 2752 335 2788 nervae
347 2730 503 2800 Προνηίης,
517 2734 633 2783 alterum
645 2733 679 2783 ad
691 2734 780 2798 ipsam

232 2807 306 2855 uiam
323 2817 406 2869 supra
424 2802 477 2851 boc
494 2801 639 2865 templum,
664 2801 780 2851 alterum

232 2886 318 2937 prope
336 2869 489 2920 Castaliam
506 2869 580 2918 infra
597 2870 778 2933 Hyampeam‚

235 2938 392 3004 quaerenda
415 2934 510 3001 procul
533 2935 616 2985 dubio
635 2936 663 2984 in
680 2936 779 2985 vicini-

234 3011 293 3057 tate
311 3004 392 3053 huius
410 3001 505 3068 templi
521 3007 613 3064 erunt,
633 3019 650 3052 a
664 3019 716 3067 quo
733 3005 779 3066 qui

234 3073 358 3138 Delphos
367 3085 463 3120 versus
472 3071 727 3135 progrediebantur,
738 3071 778 3119 in-

234 3148 278 3191 tra
299 3140 352 3190 hoo
370 3139 459 3203 ipsum
483 3137 614 3203 templum
637 3143 665 3187 et
683 3137 780 3188 Casta-

235 3209 303 3258 liam
322 3212 463 3257 exstructa
475 3206 546 3255 haec
558 3199 689 3270 replere,
711 3205 778 3255 alte-

234 3291 293 3325 rum
311 3273 441 3334 inferius,
467 3272 582 3323 alterum
601 3274 727 3341 superius
745 3274 780 3322 ad

234 3345 322 3409 ipsam
341 3344 415 3394 viam
431 3342 529 3406 opinor
541 3345 706 3390 exstructum
719 3356 780 3390 eum

235 3416 319 3471 esset,
332 3409 536 3475 praeteribant:
551 3409 627 3457 cuius
639 3408 779 3473 utriusque

236 3478 306 3543 quod
315 3477 419 3527 nullum
430 3476 577 3541 vestigium
589 3476 678 3525 adhuc
689 3492 780 3541 supcr-

236 3551 290 3607 est‚
309 3547 356 3594 vir
368 3544 476 3611 minum,
497 3559 558 3593 cum
569 3543 723 3593 huiusmodi
736 3537 779 3594 τί·

234 3627 319 3677 μενος
328 3611 486 3677 plerumque
497 3627 590 3661 aream
603 3615 708 3661 tanturn
718 3626 779 3676 pnr-

234 3696 310 3741 νοω,
329 3695 404 3729 murro
417 3678 564 3741 inclusam,
579 3695 648 3743 quae
662 3695 737 3729 aram
751 3684 779 3729 et

234 3752 437 3797 monumentum
449 3747 604 3812 sepulcrale
614 3748 778 3809 contineret,

235 3815 364 3878 haberet,
384 3829 472 3879 neque
489 3814 575 3880 ipsius
593 3816 712 3879 regionis
731 3831 779 3864 na-

235 3889 298 3933 tura
320 3881 410 3932 locum
439 3882 508 3932 satis
536 3881 654 3948 amplum
677 3883 778 3947 templo

236 3950 395 4015 spatiosiori
412 3950 573 4015 praeberet:
592 3965 708 4014 namque
722 3952 776 4009 via,

237 4032 307 4084 quae
333 4032 350 4067 a
372 4017 515 4068 Minervae
539 4017 642 4082 templo
665 4019 694 4081 (i.
712 4034 736 4067 e.
762 4034 779 4067 a

236 4086 380 4149 Pauagiae
392 4084 523 4147 eeclesia)
538 4100 622 4151 usque
635 4086 670 4135 ad
681 4084 777 4135 Casta-

235 4154 303 4204 liam
315 4153 403 4214 ducit,
422 4151 504 4203 valde
523 4157 710 4218 augusteam,
730 4153 778 4203 im·

236 4221 404 4272 minantibus
422 4220 535 4291 rupibus
553 4222 681 4287 saxisque
700 4236 777 4286 prae·

236 4288 377 4356 cipitibus.
416 4289 458 4339 Tu
478 4289 536 4343 vid.
556 4289 699 4341 'Phierscb
723 4289 740 4338 l.
760 4289 778 4339 l.

825 1127 889 1178 pag.
911 1110 950 1162 13.
975 1108 1018 1171 14,
1043 1107 1163 1158 Ulrichs.
1182 1106 1201 1156 l.
1218 1106 1237 1155 l.
1253 1121 1317 1171 pag.
1335 1103 1372 1153 40

826 1196 855 1231 se
877 1217 882 1229 .

858 1196 947 1305 ίίτὲλας
964 1243 1014 1311 τῆς
1031 1237 1205 1309 Κασταλίης]
1226 1241 1268 1291 De
1282 1241 1373 1290 Gusta-

826 1319 873 1375 b'a‚
888 1316 964 1366 fonte
978 1312 1166 1370 celeberrimo.
1180 1309 1235 1361 vid.
1249 1309 1372 1358 Pausan.

826 1385 865 1444 X,
883 1381 908 1432 8.
928 1383 951 1442 9.
970 1381 987 1431 5
1005 1380 1072 1444 ibiq.
1101 1376 1204 1429 Siebel.
1228 1391 1291 1442 pag.
1313 1375 1372 1437 182,

827 1453 915 1501 Kruse
928 1451 963 1512 11,
976 1449 1002 1498 2.
1021 1464 1048 1513 p.
1063 1442 1094 1497 10
1106 1460 1163 1510 seq.
1182 1442 1216 1496 44
1227 1459 1286 1509 seq.
1315 1445 1372 1493 De-

826 1519 940 1584 scripsit
958 1520 986 1566 et
1002 1516 1032 1565 in
1044 1514 1139 1564 tabula
1152 1512 1212 1563 aeri
1223 1512 1314 1561 incisa
1332 1527 1375 1561 re-

826 1586 1017 1653 praesentavit
1035 1581 1150 1632 Clarke:
1169 1578 1285 1630 Travels
1297 1579 1334 1639 Π,
1348 1578 1373 1629 3.

828 1671 888 1720 cap.
911 1654 959 1702 Vl.
984 1668 1009 1716 p.
1036 1648 1084 1699 184
1106 1664 1162 1713 seq.
1208 1648 1261 1697 His
1290 1646 1374 1708 adde,

828 1720 899 1788 qnae
911 1719 1064 1771 recentiore
1078 1721 1172 1767 aetate
1185 1716 1218 1764 de
1229 1715 1282 1765 hoc
1296 1714 1376 1765 fonte

828 1789 999 1840 tradiderunt
1016 1786 1113 1835 Leuke
1131 1784 1149 1834 l.
1162 1783 1180 1832 l.
1194 1783 1229 1832 ll.
1245 1797 1309 1847 pag.
1324 1781 1376 1832 550

828 1874 894 1921 seq„
914 1854 1025 1904 Ulricbs
1043 1853 1061 1902 l.
1081 1854 1100 1902 1.
1119 1868 1183 1917 pag.
1196 1849 1230 1899 40
1245 1866 1323 1915 seqq.
1343 1850 1376 1899 47

828 1941 919 1989 seqq..
943 1920 1072 1971 Vischer:
1096 1920 1297 1983 Eriunerungg.
1326 1932 1377 1968 aue

819 1990 986 2044 ·(}riecbenl.
997 2004 1063 2070 pag.
1076 1986 1126 2037 010
1138 2002 1206 2051 seq„
1225 1986 1272 2050 qui
1284 1986 1377 2051 ipsum

827 2061 932 2111 sontem
949 2059 1101 2107 invaserunt
1124 2058 1310 2118 accurateque
1329 2054 1377 2103 de·

829 2128 1011 2192 scripserunt,
1032 2125 1190 2173 immutatus
1209 2122 1254 2185 qui
1273 2121 1379 2171 mansit

827 2210 913 2260 nsque
933 2193 968 2242 ad
985 2196 1080 2242 nostra
1097 2196 1235 2255 tempora,
1254 2189 1318 2254 ipsa
1337 2194 1378 2239 to

828 2264 884 2313 tius
902 2261 1023 2327 regionis
1045 2263 1145 2308 natura
1162 2256 1236 2307 baud
1253 2260 1377 2307 mutata:

830 2347 847 2380 a
865 2328 983 2391 sacello,
1003 2327 1073 2392 quod
1092 2326 1195 2376 Sancto
1213 2324 1311 2374 loanni
1331 2324 1377 2374 de·
1475 2364 1476 2395 ;

830 2400 951 2448 dicatum
974 2410 1056 2461 supra
1075 2395 1179 2443 fontem
1197 2393 1225 2442 in
1243 2391 1313 2457 ipsis
1326 2408 1377 2451 ,εα-

830 2467 873 2516 xis
891 2466 1007 2515 incisum
1026 2466 1080 2524 est,
1100 2476 1173 2513 nune
1185 2459 1281 2510 Sancti
1293 2460 1378 2510 Ioan-
1475 2474 1476 2479 ¹

830 2534 873 2584 nis
892 2532 1003 2597 (Hagios
1015 2531 1129 2581 Ioannes
1140 2544 1161 2578 s.
1176 2528 1213 2578 Αί
1224 2528 1313 2591 Inani)
1329 2543 1377 2578 uo·

829 2617 893 2651 men
912 2599 1022 2664 acecpit
1040 2597 1114 2659 lons,
1139 2597 1186 2660 qui
1209 2611 1308 2660 aquam
1329 2610 1378 2661 pu·
1411 2618 1415 2623 ·

831 2685 889 2719 ram
912 2684 945 2717 ac
968 2665 1096 2732 frigidam
1124 2679 1212 2728 aeque
1239 2678 1311 2712 nunc
1336 2668 1377 2712 et·

832 2753 884 2802 que
908 2735 1061 2800 antiquitus
1085 2731 1192 2782 emittit.
1232 2732 1265 2780 ln
1292 2746 1378 2796 opere

831 2804 975 2869 splendido
986 2802 1062 2852 Edu.
1075 2797 1223 2850 Dodwelli:
1240 2798 1335 2847 Views
1350 2798 1379 2847 in

832 2873 938 2922 Graece
957 2871 1042 2919 frome
1059 2867 1227 2931 urawings.
1248 2866 1377 2929 Loudon.
1404 2884 1409 2893 ·

833 2938 896 2989 teet
910 2937 1054 2989 Castaliae
1073 2936 1135 2985 tous
1152 2938 1380 2999 repraesentatur
1475 2984 1476 2987 ,

831 3009 859 3057 in
877 3005 974 3057 tabula
998 3005 1056 3055 aeri
1079 3002 1168 3053 incisa
1191 3006 1219 3051 et
1238 3000 1379 3053 coloribus

830 3075 952 3125 inducta.

863 3133 921 3193 ὑπὸ
933 3138 968 3205 τῇ
977 3130 1115 3204 Ὑαμπείῃ
1125 3133 1253 3203 κορυφῇ]
1268 3136 1379 3189 Mavult

830 3208 997 3261 Valckenar.
1015 3199 1155 3272 ‘Tupns'q‚
1178 3211 1210 3255 ut
1232 3219 1277 3254 ma
1298 3205 1323 3254 's
1342 3206 1379 3254 sit

832 3277 962 3327 lonicum.
982 3275 1061 3325 Geni.
1074 3273 1191 3323 Bredov.
1207 3290 1232 3338 p.
1248 3273 1257 3321 l
1297 3309 1304 3322 .
1321 3271 1377 3325 188.

831 3344 964 3409 Equidem
986 3359 1048 3393 cum
1066 3346 1180 3392 recentt.
1201 3341 1260 3390 edd.
1280 3340 1377 3405 vulga·
1475 3356 1476 3359 ¹

829 3414 888 3461 tam
906 3412 935 3461 in
953 3412 1062 3461 nomine
1079 3410 1189 3475 proprio
1203 3408 1323 3458 retinere
1335 3425 1377 3459 sa·

832 3482 888 3529 tius
906 3478 979 3528 duxi.
1014 3479 1151 3543 Hyampea
1168 3491 1264 3542 napea,
1287 3490 1304 3526 e
1324 3490 1378 3541 qua
1475 3504 1476 3515 .

830 3548 892 3613 ipsa
901 3546 1052 3612 prorumpit
1062 3544 1197 3605 Castalia,
1211 3560 1292 3608 supra
1304 3543 1376 3593 hunc

831 3615 935 3664 fontem
954 3614 982 3663 in
995 3613 1081 3663 altum
1094 3612 1227 3676 exsurgit,
1247 3611 1295 3661 ubi
1308 3626 1374 3661 saxa
1475 3626 1476 3639 ¹

830 3684 947 3733 maxime
970 3680 1149 3747 praecipitia,
1173 3679 1245 3729 unde
1268 3679 1371 3729 facino·
1475 3704 1476 3749 ρ

830 3766 907 3800 rosos
930 3754 959 3799 et
981 3749 1079 3815 impios
1102 3748 1224 3798 deiicere
1247 3746 1378 3797 solebant

831 3817 975 3881 (vocantur
992 3822 1083 3867 autern
1101 3814 1302 3875 Phaedriades,
1322 3815 1377 3870 vid.
1475 3814 1476 3859 i

830 3901 913 3951 supra
932 3885 967 3935 ad
978 3886 1055 3945 VIII,
1069 3883 1100 3934 37
1117 3882 1212 3947 nott),
1231 3883 1376 3949 octingen·
1475 3918 1476 3941 2

830 3958 874 4003 tos
883 3953 968 4018 pedes
983 3967 1066 4017 supra
1075 3950 1199 4017 Delphos
1212 3956 1240 4001 et
1254 3950 1308 4001 duo
1319 3946 1377 4000 mil·
1475 4010 1476 4015 ¹

830 4021 870 4070 lia
888 4020 985 4086 pedum
1008 4035 1091 4085 supra
1113 4034 1188 4070 mare
1210 4018 1376 4069 eminentis:
1475 4044 1476 4065 r

830 4104 903 4138 nunc
914 4093 1030 4139 vocatur
1041 4085 1215 4152 Phlempakos.
1235 4086 1296 4136 Vid.
1304 4086 1335 4135 C.
1343 4086 1376 4136 0.
1475 4088 1476 4099 ¹

830 4152 1376 4220 Mueller:Orchomenpagdtltllruse:

830 4223 903 4273 Hell.
927 4223 945 4273 l.
963 4223 983 4272 l.
1002 4238 1066 4289 pag.
1087 4221 1155 4272 d-8
1177 4227 1206 4271 et
1227 4223 1375 4287 praecipue
1475 4218 1476 4283 ξ

830 4290 942 4341 Ulrichs
965 4290 983 4340 l.
1007 4290 1024 4340 Ι.
1050 4305 1114 4356 pag.
1132 4288 1166 4340 40
1183 4304 1241 4355 seq.
1265 4288 1298 4339 47
1315 4304 1375 4355 seq.
1475 4288 1476 4343 ἶ
