2866 5134
350 379 408 437 DE
428 378 532 437 VITA
552 378 609 437 ΕΤ
631 376 823 438 SORIPTIS
844 376 1080 439 HERODOTI.
1226 381 1285 445 431

147 547 218 600 vidit
233 548 385 602 Sardiniam
402 551 454 620 (cl.
473 556 543 604 nott.
560 549 593 601 ad
609 550 637 617 1,
656 552 705 602 110
724 556 751 600 11
766 548 806 614 V,
829 548 893 615 106)
910 548 1105 619 Corsicamque
1122 548 1217 620 (11.1,
1236 552 1286 610 105

146 632 242 702 ibique
259 634 360 701 nott),
383 634 462 687 cuius
478 634 624 704 utriusque
641 633 748 686 insulae
767 631 845 685 modo
861 633 983 686 notitiam
1002 635 1120 705 aliquam
1134 643 1286 703 acceparat,

145 717 253 787 qualem
270 719 350 771 etiam
371 719 405 772 de
420 718 576 787 Tyrrhenis
597 731 680 788 atque
696 718 806 771 Umbris
828 726 936 771 nactum
958 736 1018 772 eum
1039 738 1102 773 esse
1121 726 1236 790 apparet
1253 736 1285 771 ex

146 802 228 867 Ι,111.
246 802 351 869 111,10.
368 803 463 871 1,163.
481 806 531 858 loo
545 822 603 873 seq.
620 803 667 871 Vl,
685 808 734 869 223
757 820 816 856 nam
831 821 864 856 eo
879 820 968 873 usque
985 805 1094 857 venisse
1106 805 1285 869 Herodotum,

144 887 248 957 quibus
263 888 382 941 testibus
405 889 530 958 probem,
554 905 608 941 non
628 889 723 941 habeo.
764 888 831 940 lude
846 888 926 941 etiam
946 906 996 957 ea,
1014 906 1085 958 quae
1103 891 1137 943 de
1153 891 1287 961 Agylloeis

144 989 176 1023 ac
195 974 270 1026 Velia
284 981 432 1026 narrantur
448 973 476 1040 I,
494 976 558 1041 163,
583 973 696 1026 aliorum
716 992 749 1026 ex
768 974 940 1026 sermonibus
962 975 1061 1027 referri
1082 974 1211 1028 credibile
1228 979 1285 1026 este

144 1074 237 1127 neque
258 1058 328 1110 enim
348 1059 383 1110 ad
399 1059 448 1111 has
463 1058 592 1127 regiones
608 1058 714 1112 Noster
728 1058 855 1128 pervenit
867 1060 917 1128 (ci.
931 1059 1099 1112 Groteiend:
1120 1059 1286 1112 Geschichta

145 1158 172 1195 u.
187 1142 345 1213 Geograph.
361 1161 387 1195 r.
403 1142 542 1195 Altitalien
558 1143 582 1196 1.
598 1160 625 1212 p.
641 1144 705 1211 32),
731 1159 820 1214 neque
839 1145 951 1196 Romana
972 1144 1065 1210 venit,
1089 1144 1169 1198 cuius
1186 1143 1286 1197 nullam

144 1226 329 1295 cognitionem
346 1228 479 1281 Nostrum
491 1228 620 1281 habuisse
642 1236 716 1281 recte
737 1228 872 1296 Iosephus
881 1226 919 1295 ⁴¹).
931 1229 1108 1299 pronuntiat,
1130 1229 1208 1296 licet,
1231 1245 1285 1298 quo

144 1328 218 1364 anuo
232 1312 392 1365 Herodotus
407 1312 436 1363 in
453 1312 558 1365 ltaliam
573 1313 649 1364 venit
662 1313 785 1366 Thurios
803 1314 868 1381 (444
884 1321 948 1365 ante
961 1312 1027 1365 Chr.
1041 1331 1068 1367 n.
1083 1335 1127 1362 =
1139 1317 1191 1368 310
1208 1314 1285 1366 urbis

144 1396 282 1451 Romanae
297 1397 453 1464 conditae),
478 1397 659 1450 Romanorum
673 1397 816 1467 imperium
837 1396 888 1449 iam
913 1399 981 1449 satis
1005 1399 1154 1467 crevisset,
1177 1398 1285 1466 legibus

144 1481 287 1535 duodecim
302 1481 454 1534 tabularum
470 1482 534 1535 latis
548 1482 725 1553 tribunisque
740 1482 828 1553 plebis
843 1482 945 1535 creatis
961 1482 1086 1553 ipsisque
1102 1483 1221 1537 tribunis
1236 1484 1285 1537 mi·

144 1566 222 1620 litum
234 1584 286 1636 pro
302 1567 462 1620 consulibus
478 1567 665 1636 magistratum
679 1567 841 1621 ineuntibus
857 1567 907 1619 hoc
921 1567 983 1636 ipso
1002 1584 1083 1620 anno.
1123 1570 1154 1621 In
1168 1570 1286 1623 Siciliam

144 1651 280 1705 Nostrum
294 1653 447 1723 profectum
461 1670 524 1705 esse
543 1652 637 1707 notavi
652 1653 686 1705 ad
697 1651 760 1719 VII,
774 1654 832 1708 153.
850 1654 908 1719 lua,
925 1651 971 1704 ubi
987 1653 1023 1704 ο1.
1037 1660 1123 1719 nott.;
1142 1653 1244 1723 ibique,
1260 1653 1285 1705 si

144 1744 221 1789 recte
235 1738 314 1806 ponit
324 1738 418 1804 Heyse
435 1754 463 1806 p.
480 1740 527 1792 1311
542 1756 617 1808 seq,
633 1737 703 1790 vidit
718 1739 846 1809 Egestam
864 1736 896 1803 V,
910 1741 958 1803 47,
975 1737 1094 1791 Zanclen
1110 1737 1157 1805 VI,
1173 1742 1222 1806 25,
1239 1742 1284 1808 Sp-

142 1841 256 1876 racusas
271 1823 332 1888 Vll,
351 1826 413 1888 ilii,
430 1824 564 1878 cambum
580 1823 643 1891 Vll,
661 1826 719 1876 170.

231 1923 306 1976 Haec
325 1924 412 1991 igitur
429 1923 462 1975 de
485 1925 567 1977 terris
589 1923 712 1993 locisque
732 1924 766 1976 ah
780 1922 922 1976 Herodoto
945 1924 1099 1994 peragratis
1120 1923 1239 1994 indeque
1257 1925 1284 1977 in

141 2008 234 2078 ipsius
251 2026 334 2078 opere
346 2009 558 2061 commemoratis
570 2026 625 2062 uno
636 2009 663 2061 in
679 2016 827 2080 conspectu
846 2008 936 2077 posita
951 2025 983 2062 eo
1003 2009 1117 2061 consilio
1130 2027 1286 2079 proponere

141 2093 297 2159 voluimus,
315 2102 346 2160 nt
359 2093 424 2146 inde
441 2101 587 2164 appareat,
605 2112 708 2147 omnem
719 2095 778 2147 fere
790 2101 924 2147 terrarum
941 2095 1031 2146 orbem
1047 2094 1163 2147 Graecis
1179 2092 1285 2147 111111-

141 2184 200 2230 tate
221 2178 359 2246 cognitum
379 2179 413 2231 ab
431 2178 570 2231 Herodoto
589 2197 652 2232 esse
672 2178 867 2250 perlustratum
884 2178 1027 2250 ipsumque
1043 2179 1213 2232 Herodotum
1233 2197 1285 2249 pro

141 2262 272 2333 primario
288 2263 393 2316 veteris
412 2265 598 2333 geographiae
615 2265 691 2317 ioute
706 2263 802 2317 merito
818 2264 927 2332 haberi,
945 2265 1107 2334 praesertim
1122 2281 1181 2318 cum
1195 2264 1282 2317 Heca·

140 2349 212 2416 taei,
236 2346 329 2418 quiet
349 2349 408 2418 ipse
423 2348 554 2419 plurimas
575 2357 665 2401 terras
680 2349 839 2418 peragrarit
853 2358 881 2402 et
897 2349 1060 2419 descripsit,
1080 2350 1183 2420 scripta
1197 2366 1285 2420 aeque

141 2440 227 2502 atque
243 2433 374 2499 omnium,
398 2434 446 2504 qui
462 2442 527 2501 post
541 2433 676 2486 Herodoti
691 2441 806 2487 aetatem
822 2433 886 2485 talia
904 2440 1073 2504 tractarunt,
1096 2451 1180 2503 opera
1197 2434 1285 2487 omnio

145 2535 233 2589 usque
248 2517 282 2569 ad
294 2517 475 2571 Romanorum
484 2520 543 2571 fere
555 2526 670 2572 aetatem
685 2518 849 2572 interierint.
881 2518 977 2582 Quare
993 2526 1105 2572 nostrae
1119 2520 1219 2572 aetatis
1231 2519 1285 2571 riri

147 2601 216 2655 docti
239 2601 268 2654 in
291 2603 359 2656 hanc
381 2610 484 2674 partem
502 2603 658 2657 accuratius
678 2603 820 2675 inquirere
841 2611 925 2673 atque
938 2603 1075 2657 Herodoti
1091 2603 1285 2675 geographiam

145 2687 330 2755 peculiaribus
347 2689 426 2742 libris
442 2688 581 2743 illustrare
598 2688 780 2755 studuerunt,
800 2689 872 2741 inter
887 2705 957 2759 quos
969 2689 1055 2758 primo
1070 2689 1129 2742 loco
1146 2707 1264 2759 repono:

144 2807 164 2857 1.
182 2807 298 2859 1111111111.Ι
312 2805 373 2857 The
388 2806 580 2876 geographical
591 2815 694 2876 system
710 2808 741 2859 ol
749 2807 909 2860 Herodotus
921 2807 1062 2860 examined
1074 2807 1128 2859 and
1140 2806 1284 2877 explained

229 2898 281 2943 etc.
307 2890 421 2943 London
437 2894 513 2945 1800.
533 2897 559 2946 4.
578 2898 606 2945 et
620 2895 696 2946 1832.
712 2892 750 2943 ss.
767 2891 837 2945 Voll.
854 2894 879 2944 8.
903 2891 956 2963 (Im
971 2893 1086 2961 huszug
1102 2893 1241 2945 ribersetat
1256 2909 1282 2945 o.

229 2975 316 3027 durch
327 2975 474 3029 humerkk.
490 2994 517 3029 u.
533 2977 631 3045 eigene
644 2977 898 3045 Untersuchungen
911 2976 1060 3045 berichtigt
1076 2977 1131 3028 und
1145 2977 1285 3030 erweitert

229 3077 283 3112 von
299 3063 331 3115 G.
350 3062 384 3118 G.
402 3064 513 3115 Bredow
529 3063 572 3114 in:
595 3061 847 3130 Untersuchungen
866 3063 933 3114 iiber
947 3062 1070 3114 einzelne
1086 3062 1284 3129 Gegenstinde

228 3144 279 3197 der
296 3144 369 3198 alten
384 3146 564 3213 Geschichte,
583 3147 759 3216 Geographie
775 3146 831 3198 und
847 3146 1042 3215 Chronologie.
1070 3146 1097 3198 11
1112 3146 1207 3199 stfick.
1237 3146 1302 3197 nl:

230 3238 296 3281 tona
312 3232 387 3283 1802.
408 3233 434 3283 8.
445 3227 502 3299 **).
800 3288 805 3299 Ι

140 3317 178 3367 G.
193 3320 227 3371 G.
242 3318 363 3369 Bredow:
381 3316 573 3386 Geograpbiae
588 3316 808 3383 etUranologiae
821 3315 994 3369 Herodoteae
1005 3315 1169 3385 specimina.
1193 3312 1283 3368 Helm·

246 3399 301 3451 tad.
388 3438 395 3453 .
435 3438 441 3452 .

140 3419 273 3541 bamb.-
294 3402 617 3539 thlllsllrc4d'lierodote.
636 3485 714 3537 Tom.
734 3484 816 3537 Vlll:
841 3484 929 3537 Table
943 3483 1159 3554 geographique.
1187 3483 1283 3555 (Puris

138 3661 163 3712 l.
176 3657 210 3709 B.
226 3569 492 3726 lelrlthieographie
506 3655 685 3713 d'Herodote.
707 3654 788 3707 Paris
805 3656 880 3710 1823.
909 3659 924 3707 2
940 3653 1010 3705 Voll.
1033 3658 1059 3708 8.

209 3836 235 3902 *l
260 3839 363 3889 Contra
381 3837 478 3903 Apion.
497 3838 520 3901 1,
547 3837 576 3887 12
595 3837 666 3900 (Vol.
685 3837 732 3886 VI.
751 3853 777 3902 p.
799 3835 846 3886 181
865 3834 981 3901 Β11111.)ε
1005 3834 1056 3902 τῆς
1070 3827 1215 3901 Ῥωμαίων
1232 3827 1281 3885 τιό-

136 3908 226 3966 ieme,
249 3899 386 3973 τοιαύτην
409 3896 440 3956 is
462 3905 575 3970 μακροῦ
598 3901 723 3989 δύναμιν
746 3898 921 3969 κεκτημένης
944 3900 994 3954 καὶ
1011 3897 1146 3961 τοιαύτας
1164 3896 1282 3969 πράξεις

135 3967 344 4053 κατορθούσης
366 3967 521 4038 πολεμικὰς
544 3964 607 4023 οὔτ’
629 3965 644 4022 ὁ
677 3973 707 4021 H
712 3965 750 4036 ρό
757 3970 860 4029 decor
887 3962 949 4022 οὔτ’
971 3965 986 4022 ὁ
1011 3969 1194 4036 Θουκυδίδης
1217 3964 1282 4021 οὔτε

135 4042 199 4094 τῶν
216 4058 278 4110 αμα
296 4037 407 4099 τούτοις
424 4035 586 4107 γενομένων
603 4031 672 4091 oo’dl
691 4034 733 4099 εἷς
751 4031 975 4106 ἐμνημόνευκεν,
994 4029 1059 4090 eitt’
1073 4031 1128 4102 ὀψέ
1146 4054 1215 4089 ποτε
1232 4036 1281 4089 καὶ

136 4107 224 4179 μόλις
242 4100 338 4162 1111τοί11
355 4104 398 4168 εἰς
415 4102 481 4168 τούς
497 4097 638 4174 Ἕλληνας
654 4099 673 4175 ἡ
691 4109 792 4174 γνῶσις
810 4106 973 4174 διεξῆλθεν.

210 4176 250 4243 ⁸2)
269 4178 450 4228 Continentur
460 4177 513 4227 hoc
530 4177 666 4227 volumina
680 4178 777 4226 etiarn:
798 4174 927 4227 Goerelln:
946 4176 1056 4239 „Uobor
1074 4177 1119 4224 dic
1132 4176 1281 4224 Keuntniss

137 4249 192 4297 der
215 4247 298 4296 Alton
319 4262 372 4297 von
394 4246 443 4295 der
459 4247 549 4295 Wcst·
572 4244 627 4294 und
645 4244 777 4295 Oatkiiete
799 4245 917 4294 Africus
939 4259 965 4293 u.
992 4243 1061 4292 iiber
1078 4243 1122 4291 die
1140 4242 1280 4291 1111111111-

139 4316 213 4380 sung
231 4314 323 4364 dieses
340 4312 509 4371 Erdtheils‚“
529 4316 557 4361 et
578 4314 699 4362 Vincerat:
719 4313 831 4373 „Ucber
848 4312 901 4361 deu
913 4309 1157 4361 Huudelsvorlrehr
1174 4309 1279 4359 (111111-

138 4390 191 4433 teu
209 4383 260 4431 mit
277 4382 375 4432 Iudion
392 4381 446 4431 uod
466 4381 524 4430 ihre
543 4381 693 4431 Kenutniss
711 4396 764 4430 von
782 4380 831 4430 dor
849 4379 981 4429 Osthiiste
1001 4376 1150 4428 hirien’s.“
