2866 5134
226 413 289 474 476
637 404 952 467 ΟΟΜΜΕΝΊἊΤΙΟ

225 600 298 636 mere
313 564 496 634 studuerunt:
519 580 593 631 inter
607 596 678 649 quos
694 595 777 631 unum
792 577 898 649 appello
915 580 1040 634 Basilicam
1050 580 1202 652 Magnum,
1218 598 1292 651 quem
1303 598 1340 632 ve·

226 677 301 723 teres
317 667 483 719 Graecorum
498 665 650 734 scriptores
664 663 813 731 diligenter
826 663 966 716 lectitasse
978 664 1096 735 aliisque
1107 666 1277 719 vehementer
1285 683 1341 718 eom·

227 752 370 806 mendasse
384 750 517 819 legendos
533 750 674 802 novimus:
700 749 774 818 apud
794 748 867 800 hunc
884 749 955 801 enim
970 757 1046 803 certe
1061 750 1220 804 imitationis
1236 751 1341 805 Herode

226 847 287 892 teee
305 836 424 905 vestigia
445 832 604 903 exstent*).
638 834 723 887 Serto
744 833 854 886 soeculo
874 841 939 903 post
953 835 1019 888 Chr.
1037 853 1065 889 n.
1087 828 1197 889 exstitit
1210 839 1341 907 Procopius,

227 923 275 995 qui
291 940 344 975 uon
363 927 467 973 tantum
482 920 591 972 Ionicus
606 919 737 989 quasdam
751 921 853 972 formas
866 937 899 971 ex
914 920 1049 973 Herodoti
1065 938 1190 974 sermone
1204 921 1341 993 assumpsit,

227 1025 321 1061 rernm
343 1007 423 1059 etiam
442 1006 471 1057 im
496 1004 605 1057 dicendi
625 1004 749 1058 formulis
770 1021 803 1056 ac
823 1003 1010 1057 locutionibus
1031 1005 1172 1059 nonnullis
1187 1008 1237 1077 (cf.
1251 1007 1290 1074 ΙΙ,
1305 1011 1342 1060 lil

225 1094 320 1164 ibique
333 1098 390 1143 not.
403 1091 459 1158 ΙΙΙ,
474 1089 520 1157 14)
538 1088 710 1142 Herodotum
729 1089 880 1159 exprimere
896 1089 1072 1160 eiusdemque
1089 1092 1219 1145 narrandi
1234 1098 1262 1144 et
1276 1108 1341 1161 argo·

225 1176 363 1232 mentandi
375 1176 507 1228 rationem
516 1174 616 1227 imitari
629 1173 807 1240 studuit**):
820 1174 884 1227 inde
897 1175 940 1227 vel
953 1176 979 1228 im
994 1175 1131 1229 divisione
1144 1177 1220 1230 orbis
1230 1183 1342 1231 terrarum

226 1263 344 1331 aliisque
356 1261 407 1313 huc
419 1259 609 1331 spectantibus
621 1259 705 1313 rebus
717 1259 886 1313 Herodotum
897 1257 1094 1330 sequitur***)
1104 1266 1189 1332 abque
1201 1263 1228 1315 in
1239 1263 1342 1315 doctrim

226 1348 261 1401 de
275 1348 359 1400 rebus
375 1345 477 1398 divinis
493 1346 620 1414 latoque,
639 1351 670 1396 ut
680 1345 732 1397 ism
744 1362 829 1414 sopra
841 1349 867 1410 ς.
881 1348 914 1397 12
927 1345 1161 1413 significavimus,
1177 1348 1218 1400 sic
1233 1347 1342 1418 loquitur,

227 1438 258 1485 ut
279 1432 313 1484 ad
328 1431 498 1484 Herodotum
518 1430 639 1500 proxime
658 1430 789 1483 accedere
806 1428 947 1500 videatur,
968 1448 985 1482 s
1002 1448 1056 1500 quo
1076 1438 1166 1484 umen
1183 1432 1289 1486 multum
1303 1431 1341 1483 dil·

226 1517 330 1584 iert†).
374 1516 501 1585 Denique
521 1515 624 1567 decimo
640 1516 737 1585 quinto
759 1513 869 1568 saeculo
891 1518 1021 1570 heronicae
1042 1518 1246 1588 Choloemlpim,
1265 1516 1341 1587 quide

226 1603 380 1655 Turcarum
394 1601 511 1655 historia
525 1599 652 1669 scripsit,
669 1599 838 1653 Herodotum
853 1600 896 1652 hic
910 1599 966 1654 illic
981 1601 1134 1654 aemulatos
1149 1603 1251 1669 est††)
1261 1603 1341 1673 ipson

227 1705 281 1758 que
294 1686 386 1757 operis
398 1687 442 1738 eui
452 1685 620 1755 prooemium
631 1686 664 1738 ed
675 1685 825 1738 Herodotei
836 1686 929 1755 operis
940 1687 1116 1740 imitationem
1127 1684 1338 1758 composuitffll

227 1789 388 1843 quamquam
403 1771 500 1825 dorius
516 1789 567 1824 nec
587 1769 642 1823 ollo
664 1770 781 1823 artificio
796 1771 917 1823 adhibito
932 1771 1002 1824 hanc
1016 1771 1194 1827 imitationem
1209 1771 1339 1826 instituisse
1383 1796 1384 1819 l

227 1858 367 1927 putandus
388 1863 440 1909 est.

312 1943 389 1995 Inter
409 1944 559 1997 recentioris
579 1941 678 1994 aetatis
697 1941 848 2010 scriptores
870 1941 942 1994 haud
963 1942 1020 1994 scio
1039 1960 1073 1994 an
1088 1942 1253 2009 Froissorto,
1271 1939 1339 2001 Gallo,
1383 1936 1384 1945 ³

227 2044 324 2097 magna
345 2045 405 2080 com
419 2028 561 2080 Herodoto
584 2026 775 2080 intercesserit
795 2025 957 2094 similitudo,
980 2027 1182 2098 simplicitatem
1201 2028 1269 2080 illum
1287 2023 1339 2076 nati·

227 2131 287 2166 ram
303 2119 331 2165 et
351 2113 574 2183 perspicuitatem
596 2128 730 2181 omneque
745 2110 855 2163 dicendi
872 2129 962 2179 genus
981 2112 1005 2163 si
1027 2111 1218 2182 respiciamus.
1254 2110 1303 2164 llis
1317 2114 1338 2159 ot

228 2217 301 2251 nunc
319 2199 436 2263 mittam,
456 2198 532 2266 legas
552 2197 616 2250 mihi
629 2197 708 2250 modo
724 2196 890 2265 prooemium
912 2197 954 2248 his
970 2197 1064 2250 verbis
1084 2204 1259 2268 conceptum:
1277 2192 1339 2263 „lit

227 2302 281 2353 que
297 2282 459 2336 honorables
475 2282 608 2353 emprises
624 2290 652 2335 et
667 2280 762 2333 nobles
778 2290 928 2334 eventures
944 2289 972 2335 et
987 2282 1052 2335 faits
1065 2283 1199 2349 ιΙόιιιιοε,
1219 2276 1338 2353 lesquelles

227 2375 292 2420 sont
307 2385 428 2421 avenues
445 2387 495 2438 par
511 2368 551 2421 les
566 2385 683 2435 guerres
705 2367 739 2421 de
754 2367 861 2419 France
878 2372 906 2419 et
921 2367 1114 2435 d'ilngleterre
1136 2369 1227 2422 soient
1243 2360 1337 2421 notuble

228 2460 300 2506 ment
319 2453 470 2522 registrees
492 2460 521 2508 et
539 2454 622 2505 mises
643 2469 676 2504 en
697 2453 825 2504 memoire
842 2452 1027 2522 perpetnelle,
1056 2470 1107 2522 par
1128 2453 1195 2526 quoi
1216 2453 1253 2507 les
1274 2462 1338 2520 preux

227 2540 303 2592 aient
321 2538 442 2608 exempla
463 2539 545 2592 d'eux
561 2554 731 2605 encourager
752 2554 786 2590 en
805 2537 867 2589 bien
883 2538 1001 2604 faisant,
1020 2540 1050 2607 jc
1070 2554 1145 2592 veux
1162 2539 1255 2592 treiter
1272 2542 1294 2587 et
1307 2548 1337 2584 re-

227 2625 326 2678 corder
341 2624 455 2677 histoire
471 2629 499 2677 et
511 2624 623 2676 matiere
639 2623 674 2675 de
688 2622 777 2691 grand
791 2621 940 2693 looenge.“
976 2623 1101 2691 (Buchon
1119 2623 1233 2676 Collect.
1244 2626 1268 2673 d.
1280 2618 1337 2671 cmo

228 2710 327 2779 niqoes
344 2709 379 2761 T.
398 2709 421 2761 I.
439 2728 466 2779 p.
485 2712 507 2763 l.
522 2706 686 2776 Prologue.)
722 2708 783 2760 Nec
801 2708 932 2760 immerito
950 2707 977 2758 in
998 2707 1164 2778 quaestione
1177 2710 1209 2760 ab
1223 2699 1338 2760 Academit

226 2795 368 2847 literarum
381 2794 533 2847 Parisiensi
554 2793 696 2864 proposita
716 2793 744 2844 in
767 2809 867 2845 sonum
890 2794 957 2845 1854
978 2792 1012 2845 de
1029 2792 1190 2847 Froissarto
1211 2793 1238 2844 id
1253 2800 1338 2861 quoque

227 2880 394 2948 postulatum
410 2885 468 2948 est,
490 2886 522 2932 ot
536 2884 666 2949 quantam
683 2878 782 2930 Gallici
799 2877 944 2947 scriptoris
957 2895 1046 2929 sermo
1058 2894 1120 2931 cum
1136 2878 1285 2932 Herodoteo
1296 2886 1338 2923 eer-
1383 2898 1384 2911 ι

227 2982 305 3018 mone
320 2963 495 3033 conveniret,
510 2964 699 3033 inquireretur
706 2961 769 3031 *†):
788 2963 852 3016 inde
871 2962 1059 3032 quaestionem
1075 2963 1124 3034 qui
1140 2963 1222 3016 solvit
1235 2958 1337 3031 pretione
1383 2942 1384 2957 ¹

230 3116 428 3124 ...ω-,-

295 3194 322 3261 *)
342 3196 384 3247 cf.
398 3197 460 3250 Alb.
472 3196 547 3248 Jahn
559 3197 600 3246 in:
619 3196 735 3251 Jahrbb.
750 3196 769 3246 f.
781 3194 881 3249 Philol.
894 3195 1133 3261 xs1x.pag.373
1146 3211 1203 3260 seq.

294 3262 337 3331 *U
354 3265 417 3318 vid.
426 3263 533 3315 Teuffel
546 3266 588 3314 in:
607 3264 656 3315 Ad.
669 3264 794 3314 Schmidt
806 3265 968 3315 Zeitechrist
981 3265 999 3316 i.
1010 3264 1171 3315 Geechicht.
1181 3261 1252 3312 VIII.
1264 3252 1327 3324 pil·

295 3330 353 3400 m)
373 3333 452 3383 Coni.
465 3334 590 3387 lambert
608 3332 642 3382 ad
658 3333 786 3397 Procopii
799 3333 901 3382 Anecd.
914 3349 978 3398 ρος.
990 3331 1049 3382 595.
1062 3332 1121 3382 607.
1152 3331 1279 3381 Referunt
1292 3336 1340 3386 qut
1383 3352 1384 3395 ι

229 3419 279 3467 que
292 3402 345 3452 huc
358 3402 429 3467 quod
441 3401 474 3451 de
487 3402 558 3452 Istro
571 3401 668 3451 scribit
680 3401 829 3466 Procopius
841 3402 883 3450 De
897 3400 1022 3451 aedifico.
1036 3400 1087 3461 IV,
1100 3400 1130 3449 5:
1150 3392 1254 3449 κάτεισι
1264 3386 1308 3460 μὶν
1317 3377 1338 3467 il
1383 3416 1384 3421 ¹

228 3466 318 3534 ὀρέων
329 3469 386 3519 τῶν
398 3460 430 3520 ἐν
441 3463 558 3527 Κὲλοοις
570 3483 644 3519 ποτα
665 3459 823 3531 ὁςἼσορος,
837 3463 865 3519 o‘l
878 3467 978 3519 τοίνυν
989 3460 1093 3518 Γάλλοι
1106 3458 1308 3518 ἐπικαλοῦνται,
1318 3469 1337 3503 ¹¹¹

229 3555 281 3604 quo
294 3538 464 3601 Herodotec,
484 3552 554 3605 qnae
567 3537 608 3600 11,
622 3485 664 3587 ap
673 3536 814 3601 leguntur,
835 3542 900 3587 ante
918 3536 1012 3587 oculos
1029 3535 1105 3586 illum
1118 3535 1244 3585 habuisse
1255 3526 1337 3581 solunt

229 3607 298 3657 Mihi
310 3608 357 3656 vix
368 3622 462 3656 verum
474 3606 593 3655 videtur.

296 3672 329 3739 †]
348 3674 391 3724 cf.
403 3672 510 3724 Teuffel
523 3673 541 3723 l.
554 3673 573 3725 l.
586 3689 649 3739 pag.
662 3671 696 3722 70
708 3688 783 3739 seqq.
796 3672 829 3722 75
842 3688 917 3737 seqq.
1131 3722 1136 3731 ,

296 3739 349 3805 ΙΙ)
368 3741 446 3792 Conf.
460 3743 507 3791 Im.
521 3741 643 3791 Bekkeri
655 3741 779 3791 Praeiet.
793 3742 821 3790 iu
835 3740 900 3792 edit.
913 3740 1054 3791 Bonnensi
1067 3737 1143 3793 1843.

296 3808 368 3874 ΙΙΙ)
387 3808 476 3859 Simili
497 3810 575 3859 modo
599 3808 745 3874 Georgium
767 3808 964 3872 Pechymerem
986 3813 1014 3857 ct
1031 3809 1179 3873 Georgium
1199 3792 1336 3854 Phrantttffl

228 3878 362 3929 Herodoti
374 3878 542 3943 prooemium
555 3877 677 3927 imitatos
690 3892 751 3927 cese
763 3891 846 3943 supra
858 3876 950 3927 monui
961 3875 1022 3927 Vol.
1035 3877 1057 3925 1.
1070 3891 1133 3942 pag.
1145 3875 1171 3924 2.

295 3942 342 4009 *†)
359 3947 425 4011 Ipsa
441 3946 567 4010 quaestio
584 3945 627 3995 his
643 3945 735 3995 verbis
754 3949 891 4010 concepto
907 3943 1010 4010 legitur
1025 3945 1053 3993 in
1066 3942 1180 3994 Journal
1197 3940 1241 3989 des
1252 3935 1336 3985 Ssrtsst

232 4010 304 4063 1853.
317 4029 380 4079 ρος.
391 4012 441 4062 517
454 4029 524 4078 seq:
543 4013 633 4063 Etude
645 4013 795 4077 historique
813 4017 841 4062 et
858 4012 993 4062 litteruirc
1011 4028 1056 4062 sur
1072 4011 1114 4062 les
1131 4009 1211 4061 dorits
1222 4006 1253 4055 de
1264 3997 1335 4052 I‘rcit

229 4085 295 4132 sart.
308 4083 348 4131 Le
362 4079 520 4131 consideres
532 4096 635 4131 commo
647 4081 673 4130 le
686 4080 813 4131 ordatenr
825 4080 961 4146 principsl
974 4096 1008 4130 en
1016 4095 1079 4131 vers
1092 4068 1335 4143 etenprose‚d'¹11³⁰

230 4165 335 4215 cpoqoe
353 4147 480 4199 nouvelle
498 4149 567 4198 dans
583 4148 612 4198 la
627 4149 721 4199 vieille
740 4150 842 4214 longua
858 4149 1007 4211 franceise.
1046 4145 1217 4198 Rechercher
1234 4140 1270 4189 lea
1285 4132 1335 4183 cha·

229 4216 353 4267 rectbres
365 4216 399 4267 da
412 4221 486 4267 cette
500 4215 604 4281 dpoqoe
623 4223 651 4268 et
667 4217 822 4267 l'influonce
840 4215 939 4282 qn’elle
957 4231 973 4265 u
986 4231 1037 4266 eue
1048 4231 1097 4266 sur
1106 4216 1147 4265 leo
1159 4212 1222 4277 dges
1232 4202 1334 4257 suirmlt

230 4286 263 4336 de
275 4285 304 4335 lc
315 4284 425 4351 langue.
456 4282 609 4350 Apprdcier
623 4285 653 4334 le
665 4284 768 4351 grande
782 4284 933 4348 chronique
945 4284 978 4334 de
991 4284 1128 4334 FrcIssort
1138 4294 1198 4331 sous
1210 4278 1233 4328 le
1245 4266 1334 4336 rapport

229 4353 263 4403 de
277 4353 304 4403 la
317 4351 405 4404 verite!
417 4352 583 4417 historique,
601 4352 634 4401 tle.
650 4352 679 4403 lo
695 4354 821 4419 peinture
839 4352 888 4402 des
906 4367 1014 4402 moeurs
1031 4356 1060 4401 et
1077 4351 1111 4401 du
1128 4347 1206 4415 grinio
1217 4344 1247 4393 de
1257 4346 1332 4389 nam·

230 4423 304 4485 tion,
322 4437 356 4473 en
374 4421 446 4472 faire
463 4421 592 4471 ressortir
608 4421 649 4472 les
666 4421 757 4471 divers
775 4419 888 4471 meritos
904 4436 956 4487 par
970 4434 1008 4470 un
1025 4433 1138 4469 examen
1155 4409 1259 4465 attentis
1270 4406 1298 4455 dc
1310 4397 1332 4447 ¹⁸
