2932 5124
218 360 281 423 232
655 348 925 411 HERODOTI

174 535 301 619 Ιθπρίν
318 555 349 597 τι
366 523 447 595 ἄλλο
461 520 677 612 Ἀθηναίοισι
696 520 805 611 δόξαι,
829 520 965 612 σφάλμα
981 526 1086 611 φέρον
1103 524 1144 611 τῇ
1162 516 1304 592 Ἑλλάδι.
1329 516 1365 592 ‘0

219 632 281 720 μέν
299 651 359 717 σφι
376 631 481 698 ταῦτα
498 624 732 713 συνεβούλευε.
765 630 800 694 ολ
821 626 858 695 δὲ
881 626 982 713 φρενὶ
1000 622 1157 711 λαβόντες
1175 620 1234 693 τὸν
1252 622 1365 712 λόγον,
1425 684 1432 695 .

220 727 340 802 αὐτίκα
357 727 547 821 φράσαντες
564 724 665 798 οὐδὲν
682 743 768 796 τοῖσι
786 721 954 815 ἀγγέλοισι
971 744 1056 797 τοῖσι
1072 721 1282 814 ἀπιγμένοισι
1300 722 1367 795 ἇπὸ

220 837 289 903 τοῖν
306 839 450 920 πολίων,
468 827 588 910 νυκτὸς
607 836 654 899 ἔτι
673 831 875 918 ἐκπέμπουσι
893 833 1179 917 πεντακισχιλίους
1196 838 1366 918 Σπαρτιιγ
1451 846 1452 919 )

221 938 322 1024 τέων,
341 936 397 1003 καὶ
417 929 499 1003 ἑπτὰ
517 934 593 1020 περὶ
612 933 751 1001 ἕκαστον
769 929 924 1015 τάξαντες
941 935 1009 1000 τῶν
1028 931 1209 1017 ελλατέαν,
1227 939 1367 1000 Πανσα-
1451 926 1452 929 “

257 1124 375 1196 σφάλμα
393 1124 483 1200 φέρον
500 1128 535 1195 τῇ
547 1121 673 1194 Ἑλλάδι]
691 1129 736 1179 Ita
753 1144 769 1177 e
820 1129 947 1180 tarchus:
961 1120 1062 1186 ννιιτὸς
1075 1120 1107 1178 δὲ
1118 1127 1370 1194 πεντακισχιλίους

222 1199 381 1250 Florentino
393 1204 420 1248 et
430 1198 569 1248 Sancroiti
582 1197 653 1247 libro
666 1198 769 1247 editum
821 1195 1011 1263 Σπαρτιατῶν
1024 1188 1220 1275 ἐπιλέξαντεςῖ
1231 1184 1277 1246 ὧν
1292 1191 1330 1247 ἔτι
1337 1213 1368 1246 α·
1452 1202 1453 1231 ³

222 1284 271 1333 pre
292 1266 366 1332 vulg.
384 1265 419 1332 τῇ
436 1259 552 1316 Ἐλλάδι
569 1259 673 1329 φέρον,
700 1263 786 1329 quod·
821 1279 901 1325 στος
926 1257 1011 1316 ἔπτὰ
1036 1259 1117 1327 περὶ
1138 1256 1247 1314 αὖτον
1268 1261 1369 1315 εἴλα-

224 1351 285 1385 cum
298 1334 450 1385 Schaeiero
464 1350 497 1383 ex
508 1333 662 1383 Matthiaeo
674 1335 771 1382 tenent
821 1349 882 1391 τας
895 1327 930 1384 εἷ
933 1349 1006 1399 χεν,
1021 1323 1186 1397 ἐξέπεμψαν
1198 1348 1225 1382 ιι.
1237 1347 1261 1382 τ.
1276 1330 1313 1397 λ.]
1327 1349 1369 1382 re-

224 1401 672 1453 recentt.edd.indeaBekkero.
705 1400 770 1465 Ipsa
821 1403 954 1466 spiciens.
979 1415 1124 1466 perperam
1144 1400 1216 1450 haec
1234 1401 1324 1450 verba
1341 1401 1370 1449 in
1453 1454 1454 1469 ρ

224 1471 326 1520 locutio
351 1470 434 1523 obvia
457 1469 559 1518 Herod.
579 1468 647 1530 VII,
669 1466 698 1528 6,
723 1467 771 1517 ubi
822 1468 1375 1530 iltiscodicibusomittietatuit:„Tuen·

224 1538 280 1587 vid.
294 1543 362 1586 nott.
392 1538 435 1587 De
453 1538 537 1588 verbo
551 1528 701 1586 ἐσακούειν
713 1535 770 1584 dixi
822 1544 866 1587 tur
878 1554 944 1589 vero
959 1536 1085 1596 cadem,“
1100 1537 1141 1585 eit
1154 1535 1370 1601 Schweighaeu-

225 1606 260 1654 ad
273 1606 320 1667 lx,
334 1604 375 1654 oo.
401 1605 468 1655 Inde
482 1605 565 1654 totius
578 1604 632 1653 loci
644 1604 714 1654 haec
728 1610 771 1652 est
821 1620 913 1667 serus,
927 1604 1047 1668 „reliqui
1059 1604 1123 1653 libri
1135 1620 1243 1653 omnes:
1263 1620 1318 1654 nee
1329 1605 1371 1654 vi-

225 1673 378 1727 sententia:
398 1675 549 1723 eteudietis
561 1673 730 1722 Athenienses
746 1686 769 1721 s.
822 1675 887 1733 deo,
912 1689 961 1722 cur
977 1688 1031 1722 non
1049 1676 1077 1721 et
1093 1671 1145 1721 hoe
1163 1671 1225 1722 loco
1243 1688 1369 1737 pereonr·
1454 1674 1455 1715 ἶ

224 1757 316 1791 irrorent
337 1743 437 1805 peratis
460 1740 670 1802 Atheniensibus,
697 1746 769 1788 ante·
822 1742 899 1791 mode
926 1741 1048 1790 adiicere
1072 1741 1194 1804 potuerit
1211 1740 1339 1790 Herodot

225 1826 298 1875 quara
315 1811 385 1859 atiud
401 1810 463 1890 perid
481 1810 520 1858 leis
535 1813 661 1872 placuerit
684 1806 771 1869 (aliud
823 1816 851 1859 et
864 1809 973 1869 eadem,
988 1807 1128 1872 paulisper
1140 1808 1250 1870 quidem
1264 1814 1343 1857 muta

226 1876 370 1927 consitium
387 1877 416 1926 hr
434 1876 582 1942 ceperint),
606 1877 675 1941 quod
692 1876 771 1925 Gree-
823 1878 960 1936 oratione,
986 1875 1062 1925 inira
1084 1877 1246 1940 repetere.“
1292 1875 1372 1936 Quod
1455 1908 1456 1921 ,

143 1949 147 1956 “
224 1948 280 1995 cine
298 1944 372 2009 (toti)
393 1948 481 1997 aarum
498 1943 710 2007 (calamitatem)
731 1943 771 2006 es·
822 1946 896 1995 idem
912 1944 981 1993 mihi
995 1943 1105 1993 videtur
1121 1941 1168 2006 (ei.
1186 1947 1257 1994 nott.
1273 1943 1311 1992 ad
1322 1944 1370 2002 lx,
1455 1940 1456 1945 ’

221 2013 303 2076 [ενοι.
822 2013 881 2075 bb),
906 2028 958 2061 nec
975 2010 1099 2061 offendor
1118 2015 1257 2061 structura
1281 2012 1373 2061 minus

823 2079 962 2131 commode
975 2079 1156 2144 procedente,
1175 2094 1262 2144 qnae,
1285 2084 1318 2129 nt
1329 2095 1373 2128 re-

527 2180 559 2229 x·
823 2146 1375 2279 restituissesiustu

261 2276 347 2345 φρενὶ
365 2273 500 2345 λαβόντες
516 2274 566 2332 τὸν
587 2273 683 2348 λόγον]
710 2281 772 2331 Vid.
824 2301 876 2350 quo
898 2289 992 2333 tamen
1012 2283 1143 2348 τίπορον
1160 2281 1285 2342 ridetur,
1311 2298 1374 2333 cum

227 2354 296 2400 nott.
310 2349 345 2399 ad
358 2350 412 2413 111,
425 2350 467 2401 41.
823 2353 888 2402 aliis
906 2366 1013 2417 queque
1030 2350 1101 2399 locis
1121 2349 1201 2414 plura
1217 2352 1375 2416 participia

261 2413 311 2468 καὶ
328 2410 399 2468 ἔπτὰ
418 2413 485 2483 περὶ
503 2411 622 2469 inaurea
634 2409 772 2480 τάξαντες
823 2422 864 2471 sic
889 2421 967 2469 iuxta
994 2418 1086 2484 posita
1114 2419 1299 2484 reperiantur.
1343 2418 1375 2468 Id

227 2485 283 2536 τῶν
296 2480 443 2553 εἱλωτέων]
458 2487 581 2547 „Vereor
593 2501 719 2535 unacum
730 2484 772 2535 cl.
822 2504 888 2540 vero
920 2485 1019 2537 lubens
1050 2487 1199 2536 concedam
1230 2485 1375 2550 Schweig-

228 2555 261 2605 de
279 2556 371 2613 Pauv,
395 2562 426 2605 ut
443 2556 513 2605 haec
529 2554 684 2604 Herodotus
705 2554 773 2603 scri·
823 2557 967 2616 haeusero,
978 2555 1033 2604 scri
1054 2558 1110 2603 tum
1121 2553 1282 2604 olimfuisse
1293 2548 1375 2604 εἴλα-

247 2624 323 2672 serit.
358 2623 441 2673 Valla
457 2628 568 2688 tresque
592 2622 690 2687 scripti
707 2621 773 2671 libri
824 2618 895 2674 τέων
908 2639 925 2672 a
936 2637 1005 2674 voce
1020 2570 1136 2685 eftoitpe
1147 2621 1206 2684 (IX,
1217 2619 1259 2670 28.
1270 2622 1320 2679 VI,
1332 2622 1375 2671 58.

227 2639 380 2755 fSancroiti
396 2691 662 2752 liber,Vindobon.‚
679 2686 772 2755 Eion]
824 2693 866 2742 75.
891 2690 948 2753 80).
996 2705 1142 2754 uamquam
1172 2689 1261 2739 altera
1286 2691 1377 2740 ctiam

227 2760 358 2808 omittunt
381 2759 538 2823 habentque
568 2774 628 2823 cap.
653 2758 686 2805 28
715 2755 773 2822 [ubi
826 2761 915 2811 forma
937 2750 952 2809 α’
971 2707 1053 2815 είδλώς
1068 2758 1209 2808 invenitur
1225 2757 1294 2821 vn,
1312 2758 1376 2806 229.

227 2826 299 2876 haec
317 2830 439 2875 exstant:
469 2819 576 2876 τούτων
595 2825 665 2887 (scil.
683 2826 774 2874 Ααιιε-
825 2829 877 2891 Vi,
895 2826 937 2877 81.
955 2827 1009 2883 ΙΙΙ,
1022 2824 1070 2887 80,
1088 2826 1265 2891 struesque
1284 2826 1378 2876 forme

229 2892 398 2959 δαιμονίων)
424 2886 455 2943 δὲ
479 2888 545 2951 τοὺς
566 2893 774 2971 πεντατιογιλί-
825 2898 926 2946 Noster
940 2894 1036 2944 utitur.
1078 2894 1148 2944 Add.
1164 2893 1283 2943 Bredov.
1306 2909 1377 2959 pag.

228 2976 292 3024 ονς,
311 2953 412 3017 ἐόντας
430 2952 627 3026 Σπαρτιήτας,
651 2952 774 3024 epotus·
824 2964 884 3016 233.
902 2963 969 3013 Edd.
983 2967 1100 3013 recentt
1112 2962 1177 3012 inde
1189 2977 1207 3011 a
1218 2961 1379 3011 Schaeiero

228 3044 279 3079 οον
291 3023 373 3091 ψιλοὶ
382 3025 437 3078 τῶν
447 3022 584 3079 εἱλωτέων
594 3026 775 3093 πεντακισχί·
825 3033 896 3083 Ιιοοο
917 3031 1003 3082 verba
1026 3036 1158 3094 tanquam
1175 3030 1272 3095 spuria
1294 3030 1379 3080 uncis

229 3096 286 3147 λιοι
303 3092 353 3146 καὶ
369 3089 544 3161 τρισμύριοι,
563 3092 643 3160 περὶ
659 3086 774 3160 ἄνδρα
825 3100 1010 3159 incluserant,
1024 3098 1159 3164 probante
1172 3097 1313 3147 Bredovio
1327 3097 1377 3148 Ι.1.

230 3158 377 3215 ἕκαστον
394 3155 479 3215 ἔπτὰ
493 3159 713 3230 τεταγμένοι]
731 3180 773 3214 se·
825 3169 868 3219 De
886 3168 954 3233 ipsis
966 3165 1076 3217 Helotis
1089 3167 1242 3232 Spartanos
1260 3165 1295 3214 ad
1317 3164 1379 3215 bel-

229 3234 290 3283 dem
300 3234 389 3299 magis
399 3238 587 3299 opportunam.
603 3234 638 3282 Et
648 3234 692 3283 cui
702 3233 774 3283 bono
825 3236 881 3286 lom
892 3233 1101 3301 proficiscentes
1119 3233 1321 3284 comitantibus
1339 3234 1379 3283 ci.

228 3294 366 3364 τάξαντες
389 3306 453 3367 post
482 3292 675 3366 teatensem?
714 3302 774 3351 Nou
825 3310 895 3354 nott.
910 3302 1089 3366 cdvn,202:
1104 3303 1297 3367 quaeritarem
1313 3301 1380 3351 Val-

228 3370 642 3504 iigituii‘tifiiii'am'ssi’g
657 3384 775 3487 tte*
825 3372 974 3490 {titt
989 3368 1380 3488 ti⁰ii¹⁰vii⁶i²chi¹3iii

556 3476 562 3488 ·
644 3473 650 3485 ·
752 3473 772 3485 ··
867 3476 874 3501 ι
923 3477 929 3489 ·
969 3476 975 3500 ι
1023 3477 1029 3489 ·
1080 3474 1086 3486 ·
1154 3474 1161 3493 r
1210 3473 1216 3485 ·
1370 3468 1381 3476 ·

229 3506 278 3555 sed
289 3507 352 3556 hinc
362 3507 490 3557 derivata
499 3507 569 3556 unde
582 3506 681 3557 confit?
694 3504 773 3555 Tolle
825 3506 921 3558 rodoto
935 3508 964 3556 in
975 3506 1030 3568 his,
1050 3513 1081 3554 ut
1094 3506 1225 3561 diximus,
1243 3507 1382 3555 convenit

231 3574 323 3623 omnia
336 3582 364 3623 et
376 3576 496 3625 orationi
508 3574 543 3624 ad
555 3574 691 3624 culturam
703 3572 774 3623 nihii
825 3575 897 3625 Plut.
915 3575 1028 3625 Aristid.
1047 3573 1087 3623 10.
1107 3575 1128 3623 Ι.
1147 3589 1174 3637 p.
1191 3571 1242 3623 325
1260 3572 1327 3625 con.
1342 3574 1382 3623 11.

230 3642 334 3701 deerit,
357 3641 436 3690 modo
454 3633 659 3705 ἐπιτρέψαντες
676 3642 774 3709 probe·
825 3660 851 3709 p.
864 3642 951 3692 erle.
987 3643 1062 3692 Vera
1080 3647 1174 3691 autem
1192 3639 1279 3690 inhia
1292 3641 1383 3691 tradi-

230 3714 283 3759 tur.
318 3707 350 3757 Id
368 3724 435 3760 sane
454 3726 514 3760 cum
532 3711 672 3761 exercitus
689 3712 775 3775 impe·
826 3712 900 3761 disse
913 3710 1002 3760 videri
1014 3709 1184 3759 Herodotum
1196 3708 1298 3758 statuit
1311 3725 1382 3774 quo-

230 3778 301 3827 rium
317 3777 448 3838 traditur,
467 3777 552 3828 multo
566 3778 733 3829 commodius
746 3782 775 3827 et
827 3795 878 3844 que
901 3776 998 3829 Grote:
1027 3779 1143 3841 History
1164 3776 1195 3826 oi
1214 3775 1327 3826 Graece
1349 3778 1382 3826 V.

230 3844 330 3895 lenius.
359 3844 428 3894 Vide
441 3846 490 3907 ΙΙΙ,
505 3845 563 3896 155.
577 3846 639 3906 VII,
652 3846 686 3896 52
699 3845 774 3895 etc.“
827 3863 890 3913 pag.
903 3845 954 3896 209
966 3861 1023 3911 seq.
1058 3846 1203 3895 Neceane
1221 3842 1282 3893 ulle
1299 3845 1383 3896 vide-

236 3914 273 3963 W
277 3914 425 3977 esseiiap.
460 3914 543 3964 Haud
568 3915 689 3964 accessit
711 3913 776 3963 Vei·
826 3920 977 3971 turcanae,
991 3911 1317 3964 curhoeceHelotarum
1331 3928 1383 3962 nn·

231 3979 389 4040 ckenariua
403 3982 448 4045 qui
460 3983 495 4031 ad
504 3981 647 4032 Plutarchi
657 3981 676 4030 1.
686 3980 705 4030 1.
719 3980 777 4046 [ubi
829 3998 916 4044 mero,
937 3983 983 4047 qui
1001 3982 1037 4032 ad
1053 3982 1171 4047 triginta
1188 3984 1311 4045 quinque
1330 3982 1384 4030 mi·

230 4047 345 4114 legitur:
366 4037 492 4114 ἐξῆλθον
509 4040 538 4107 ἐς
550 4042 699 4106 Πλαταιὰς
710 4064 778 4099 πεν-
828 4051 868 4101 lia
896 4049 1036 4112 ascendit,
1070 4047 1151 4099 simul
1180 4040 1385 4112 νεοδαμώδεις

231 4130 315 4167 τακισ
333 4113 408 4196 litor,
419 4112 705 4236 Zaeprsoiteturrepi
727 4108 777 4167 αὖ·
829 4119 875 4184 qui
893 4122 1025 4169 vocantur
1043 4117 1091 4179 (ci.
1110 4116 1141 4167 G.
1158 4116 1205 4165 Fr.
1217 4116 1383 4167 Hermann:

230 4179 281 4235 τὸν
314 4199 371 4249 γαν
387 4181 464 4251 ανὴρ
497 4198 599 4243 ιιαοτος
615 4180 777 4235 επτὰεΐλω·
830 4185 941 4237 Griech.
954 4183 1162 4237 Staatsalterth.
1180 4184 1205 4244 ἓ.
1216 4183 1259 4233 47.
1279 4190 1342 4234 not.
1356 4182 1385 4247 7)

231 4249 294 4321 τας]
314 4257 342 4303 et
353 4253 382 4303 in
397 4253 452 4304 Vit.
465 4253 577 4305 Aristid.
596 4268 657 4318 cap.
673 4251 703 4302 10
721 4251 777 4319 [ubi
829 4252 1022 4319 comprehendi
1040 4257 1179 4319 putemus,
1198 4266 1269 4317 quae
1284 4253 1385 4302 Lach-

232 4322 261 4373 in
273 4322 371 4374 eadem
388 4339 419 4375 re
432 4322 588 4374 enarranda
604 4320 702 4373 scribit
713 4321 777 4373 Plu·
828 4322 922 4373 manni
938 4322 1030 4387 opinio
1048 4326 1092 4373 est
1111 4319 1251 4388 (Sparten.
1268 4319 1387 4372 State-
