2932 5124
224 370 285 431 228
659 360 925 422 HERODO'I'I

197 534 323 611 ’λαότοί
336 565 410 606 τινα
428 531 579 626 ἀλεωρὴν
598 529 803 622 εὑρήσονται.
836 538 882 603 ol
893 529 958 621 γάρ
977 529 1018 620 δὴ
1036 529 1295 621 Λακεδαιμόνιοι
1312 527 1364 621 ὅρ-

222 636 319 723 ταζόν
336 666 371 707 τε
388 640 507 707 τοῦτον
524 632 582 707 τόν
599 634 737 725 χρόνον,
760 642 820 704 καί
839 656 899 723 σφι
922 624 965 722 ἦν
978 629 1160 704 Ὑακίνθια·
1180 635 1256 722 περὶ
1276 640 1365 703 πλεί-

223 762 303 811 στου
323 736 350 808 δ
369 728 452 827 ἦγον
469 735 510 808 τά
526 740 587 808 τοῦ
603 741 690 807 θεοῦ
706 733 902 825 πορσύνειν·
926 732 994 825 ἅμα
1018 735 1055 804 δὲ
1072 732 1109 805 τό
1126 732 1233 825 τεῖχός
1250 756 1313 824 σφι
1330 732 1366 804 τό

225 845 260 911 ἐν
278 845 326 934 τῷ
340 837 462 934 Ἰσθμῷ
480 843 634 929 ἐτείχεον,
652 840 708 908 καί
726 836 791 927 ἤδη
810 836 940 921 έπάλξις
959 835 1132 927 ἐλάμβανε.

295 939 351 1024 Ὡς
388 942 425 1011 δὲ
459 937 617 1011 ἀπίκοντο
647 943 679 1021 ἐς
703 937 764 1027 τὴν
787 945 1021 1028 Λακεδαίμονα
1044 943 1080 1008 οί
1098 935 1232 1026 ἀγγελοι
1255 942 1292 1007 ol
1312 933 1364 1006 ἀπ’

221 1041 428 1133 Ἀθηναίων,
465 1039 533 1133 ἅμα
558 1038 714 1131 ἀγόμενοι
741 1049 778 1111 ἔτι
803 1068 838 1110 τε
864 1038 1035 1129 Μεγάρων
1059 1036 1221 1127 ἀγγέλους
1247 1040 1305 1108 καὶ
1332 1041 1367 1108 ἐκ

191 1167 204 1216 1
224 1148 436 1232 Πλαταιέων,
455 1151 569 1232 ἔλεγον
586 1141 665 1213 τάδε
685 1141 882 1224 ἐπελθόντες
901 1144 954 1211 ἐπὶ
972 1139 1049 1222 τούς
1068 1139 1219 1229 ἐφόρους·
1244 1136 1366 1229 ’Ἐπεμ-

224 1264 292 1330 ψαν
316 1242 417 1337 ἡμέας
437 1241 609 1334 Ἀθηναῖοι
627 1247 795 1332 λέγοντες,
820 1241 871 1314 ότι
898 1238 978 1332 ἡμίν
1004 1239 1160 1330 βασιλεὺς
1185 1236 1203 1312 ό
1231 1240 1366 1329 Μήδων

223 1349 400 1437 τοῦτομὲν
421 1344 483 1435 τὴν
505 1345 617 1436 χεόμην
639 1342 813 1434 ἀποδιδοῖ,
848 1348 945 1414 τουτο
973 1345 1010 1414 δὲ
1036 1342 1228 1434 συμμάχους
1256 1346 1366 1413 ἐθέλει

225 1447 277 1520 ἐπ’
298 1460 353 1540 lup
372 1477 407 1519 τε
425 1451 480 1518 καὶ
497 1444 595 1538 ὁμοίῃ
613 1445 834 1536 ποιήσασθαι,
861 1443 943 1517 ἀνευ
966 1473 1001 1515 τε
1027 1444 1128 1515 δόλου
1151 1446 1207 1514 καὶ
1225 1440 1366 1533 ἀπάτης,

225 1554 334 1621 ἐθέλει
353 1541 391 1621 ll
408 1553 463 1620 καί
481 1546 586 1638 ἀλλην
603 1547 715 1641 χώρην
733 1545 814 1637 πρὸς
837 1550 879 1638 τῇ
898 1542 1040 1639 ἡμετέρῃ
1066 1544 1214 1635 διδόναι,
1238 1543 1302 1634 τὴν
1324 1541 1368 1617 ἀν

225 1750 254 1799 in
267 1749 348 1799 Iliad.
362 1749 429 1807 llll,
442 1747 484 1799 57.
501 1747 565 1807 XV,
578 1745 636 1798 333.
655 1745 769 1795 Hesiod.
820 1744 952 1794 διατείνειν
971 1746 1080 1795 divinum
1100 1760 1193 1794 crcrcre
1215 1759 1239 1794 s.
1257 1745 1367 1793 αάνιίνί-

226 1818 297 1883 Opp.
313 1824 340 1866 et
351 1817 387 1865 D.
400 1815 458 1865 462.
471 1815 610 1880 Aristoph.
622 1815 706 1879 Vesp.
719 1812 770 1863 613
819 1812 930 1877 strare),
957 1812 1040 1863 attuli
1061 1812 1096 1863 ad
1113 1813 1151 1876 V,
1167 1810 1215 1875 63,
1240 1812 1290 1861 abi
1311 1811 1370 1862 vid.

225 1890 253 1933 et
266 1885 337 1934 conl.
352 1883 530 1933 Doederlein:
549 1884 629 1932 Hom.
647 1882 769 1932 Glossar.
820 1886 889 1930 nott.

225 1953 247 2001 1.
261 1968 325 2017 pag.
339 1952 381 2000 66.
417 1950 472 2000 sed
489 1967 551 2001 cum
563 1950 670 1999 Koenio
687 1956 717 1999 ut
729 1965 769 1998 re·

224 2035 311 2084 ponas
328 2020 485 2081 προεῖπαν,
510 2018 538 2066 id
558 2017 669 2066 minime
691 2032 767 2081 opus,

226 2102 286 2135 eum
298 2086 406 2135 subitus
418 2085 443 2135 h.
457 2084 473 2133 l.
487 2087 524 2133 sit
536 2084 669 2134 orationis
682 2089 770 2132 trans-

225 2155 295 2212 itus,
320 2151 428 2216 qnalem
451 2151 520 2201 alibi
547 2166 653 2215 quoquo
675 2152 703 2200 iu
726 2151 769 2200 his

225 2220 303 2269 libris
324 2235 352 2269 re
374 2219 482 2269 erimus.
524 2219 578 2280 Qui
597 2219 669 2268 enim
686 2233 769 2284 supra

225 2288 335 2337 dixerat
347 2235 474 2351 έάτεμπον
488 2279 639 2351 ἀγγέλους,
660 2290 716 2336 iam
730 2287 769 2336 di-

225 2355 265 2404 xit
285 2357 434 2419 προεῖπαι,
464 2370 498 2404 ac
522 2355 547 2404 si
568 2354 771 2419 praecessisset

226 2414 357 2473 ἐκέλευον
373 2414 440 2480 τούς
455 2414 601 2488 ἀγγέλους.
616 2449 647 2459 -
664 2421 697 2471 In
708 2438 766 2471 ver·

225 2492 267 2541 his
281 2485 308 2541 εί
319 2483 358 2558 μὴ
371 2483 531 2563 ἀμυνεῦσι
548 2505 631 2540 ausus
644 2505 698 2539 non
710 2504 769 2538 sum

224 2560 345 2609 scrihere
358 2553 542 2623 αμυνέουσι
556 2556 639 2622 (coni.
651 2557 768 2607 Bredov.

225 2626 316 2692 pato.
322 2626 373 2677 316
383 2633 410 2676 et
419 2627 535 2677 hbicht:
546 2626 660 2687 Quaest.
668 2625 701 2674 de
712 2625 769 2674 dia-

225 2695 289 2744 lect.
304 2694 434 2744 Hcrodot.
453 2695 533 2811 Spec.
552 2693 572 2743 1.
591 2709 617 2758 p.
631 2692 689 2757 34),
708 2708 770 2741 cum

223 2758 325 2812 Noster
342 2762 422 2824 VIII,
443 2761 472 2809 14
506 2760 612 2809 habeut
633 2750 769 2825 ἀμυνεό-

223 2828 303 2894 μεθα
316 2834 344 2878 et
353 2828 413 2890 Vll,
427 2827 475 2877 134
486 2817 768 2899 ἀποθανευμένους.

224 2897 265 2945 Ad
278 2895 429 2962 particulae
442 2885 531 2945 ὅτι-
542 2910 589 2955 ως,
602 2911 716 2960 quarum
729 2894 768 2943 al·

225 2969 286 3012 tera
299 2963 433 3021 abundat,
447 2962 501 3013 vid.
514 2963 614 3012 Matth.
628 2962 673 3011 Gr.
689 2962 736 3011 Gr.
745 2964 769 3023 §-

224 3030 283 3092 626,
298 3029 322 3080 3.
352 3030 428 3079 Idem
442 3031 496 3079 iam
513 3046 597 3094 supra
614 3030 770 3080 notavimus

164 3094 166 3099 ’
226 3098 260 3147 ad
273 3097 328 3158 111,
343 3097 384 3146 ll.
420 3097 483 3146 Alia
501 3097 579 3147 dabit
590 3098 708 3162 strange
725 3098 768 3146 in:

224 3165 374 3284 Juhrlplpli.
387 3165 523 3231 Philolog.
537 3165 631 3232 h'uppl.
645 3164 769 3219 V01.111.

224 3249 289 3299 pag.
355 3270 362 3284 .

424 3403 491 3454 Car.
510 3403 572 3454 VII.

258 3495 423 3571 ‘Tutela-itu]
448 3505 550 3571 Attigit
569 3504 710 3556 Plutarch.
732 3504 768 3554 ΙΙ.

225 3587 286 3638 pag.
292 3571 369 3624 873ss
378 3580 406 3622 et
414 3574 504 3623 invit.
510 3573 622 3623 Aristid.
634 3571 671 3633 16,
678 3573 770 3637 priore

225 3641 285 3691 loco
299 3640 467 3690 Herodotum
479 3657 528 3705 pro
541 3657 615 3691 more
631 3640 770 3691 cavillans

224 3710 285 3757 sine
297 3707 355 3757 ulla
368 3723 466 3769 causa3
480 3709 535 3759 vid.
544 3709 713 3772 Lahmeyer:
726 3709 769 3756 De

224 3774 313 3825 libelli
326 3775 500 3838 Plutarchei‚
519 3778 564 3841 qui
583 3777 616 3825 de
632 3776 767 3841 malignit.

854 1943 904 1998 ναὶ
920 1939 977 2013 ἤδη
995 1938 1112 2009 ἒτάλξις
1134 1938 1290 2025 ἐλάμβανε]
1314 1947 1371 1996 Pro

820 2016 895 2081 vulg.
907 2006 1038 2077 έπάλξεις
1047 2015 1145 2080 scripsi
1155 2006 1298 2077 ἔπαλξις,
1311 2031 1371 2064 mo·

820 2090 903 2133 nente
919 2084 1056 2133 Bredovio
1074 2098 1138 2148 pag.
1150 2080 1209 2132 265.
1245 2084 1301 2132 Ρτο
1318 2078 1372 2132 nnl

821 2143 872 2215 δὴ,
902 2151 973 2215 quod
1003 2166 1064 2200 cum
1089 2150 1240 2201 Schaeiero
1270 2155 1373 2200 tenent

820 2218 933 2279 Matth,
951 2217 1063 2267 Belrker
1075 2222 1104 2267 et
1116 2234 1188 2268 rece.
1202 2217 1274 2281 edd„
1289 2233 1303 2267 e
1326 2219 1370 2269 ui·

820 2286 882 2336 dem
906 2300 967 2336 cum
990 2286 1104 2350 reliquis
1125 2285 1188 2335 dodi
1211 2281 1261 2335 καὶ
1283 2234 1371 2351 rign.

821 2353 892 2418 quod
910 2354 993 2404 etiam
1011 2353 1036 2403 h.
1055 2353 1073 2402 l.
1092 2353 1183 2402 citans
1202 2353 1239 2402 ud
1254 2352 1371 2406 helian.

820 2421 853 2470 Ν.
866 2422 898 2470 Α.
912 2422 940 2484 Ι,
953 2421 986 2470 24
999 2419 1081 2470 affert
1093 2420 1207 2481 Iacohs,
1226 2436 1370 2486 exponens

819 2492 904 2538 statim
916 2495 945 2537 et
956 2488 1075 2538 subitam
1087 2488 1222 2551 subiecti,
1241 2488 1315 2553 quod
1327 2488 1370 2538 di·

821 2557 906 2620 citur,
920 2557 1099 2607 mutationem
1111 2555 1183 2606 bene
1195 2560 1306 2609 notans.
1324 2557 1369 2606 De

820 2623 880 2688 ipso
897 2639 972 2673 muro
985 2624 1040 2674 vid.
1054 2628 1124 2673 nott.
1138 2623 1174 2674 ad
1184 2623 1264 2687 VIll,
1278 2622 1320 2672 71,
1334 2650 1369 2659 -

820 2692 862 2759 De
884 2693 987 2756 ephoris
1008 2691 1126 2741 diximus
1149 2690 1185 2741 ad
1200 2691 1252 2752 Vl,
1270 2689 1314 2742 63.
1334 2690 1369 2741 82

821 2758 884 2808 οο11.
901 2760 937 2809 ad
952 2760 988 2820 V,
1005 2758 1046 2810 36.
1081 2760 1194 2809 Etenim
1210 2766 1370 2809 exterarum

820 2827 965 2879 civitatum
976 2826 1065 2893 legati
1078 2828 1113 2877 ad
1125 2828 1277 2892 Spartanos
1290 2827 1372 2877 missi

821 2894 856 2943 ah
873 2894 991 2960 Ephoris
1015 2894 1125 2960 publice
1149 2894 1370 2960 recipiebantur,

821 2962 868 3025 qui
882 2963 945 3013 illos
957 2961 1002 3013 vel
1014 2961 1109 3012 statim
1126 2962 1299 3012 dimitterent
1312 2962 1370 3022 vel,

820 3031 844 3079 si
857 3030 943 3096 digna
954 3030 1093 3081 videretur
1105 3046 1159 3094 res,
1172 3030 1206 3080 de
1220 3045 1275 3095 qua
1284 3030 1370 3096 Spar-

821 3098 882 3147 tani
893 3097 1088 3159 deliberarent,
1103 3098 1137 3148 ad
1149 3098 1243 3164 pepuli
1255 3100 1371 3148 concio·

820 3181 883 3216 nem
906 3166 1090 3231 producerent
1116 3165 1204 3217 verba
1227 3166 1370 3226 iacturum

821 3234 895 3283 conl.
909 3249 978 3299 quae
992 3233 1085 3283 attulit
1096 3232 1272 3284 Lachmann:
1286 3233 1371 3298 Spar·

820 3306 878 3351 tan.
892 3300 1106 3351 Staetsveriass.
1123 3317 1189 3367 pag.
1200 3300 1251 3352 213
1269 3306 1299 3352 et
1311 3301 1369 3351 vid.

822 3369 857 3419 ad
870 3369 972 3419 Herod.
985 3370 1036 3431 VI,
1051 3367 1102 3419 106
1114 3368 1209 3422 allata.

1059 3539 1084 3599 §-
1105 3537 1127 3591 l.

855 3630 903 3690 ἐπ’
917 3636 965 3705 lup
982 3654 1013 3689 τε
1031 3634 1079 3689 aul
1095 3630 1194 3704 ὁμοίῃ]
1214 3638 1231 3687 i.
1246 3653 1270 3687 e.
1284 3654 1371 3705 aequa

819 3709 972 3759 conditione.
1007 3706 1053 3756 Sic
1070 3706 1153 3772 plane
1170 3705 1327 3770 Thucydid.
1346 3707 1369 3767 1,

819 3775 867 3833 26,
886 3777 964 3825 cuius
977 3774 1066 3825 locum
1080 3773 1161 3824 affert
1172 3773 1267 3837 Vigor.
1281 3790 1309 3839 p.
1323 3772 1370 3823 66.

224 3843 452 3893 Herodinscrib.
466 3843 586 3910 puplii.
622 3843 701 3905 Quod
719 3860 767 3892 an·
818 3844 914 3907 Neque
938 3842 1020 3893 aliter
1036 3842 1188 3907 Xenophon
1205 3843 1234 3889 in
1254 3840 1371 3891 Hellen.

224 3899 480 3974 ισοεθίιόρταζον,
493 3916 569 3962 recte
582 3911 708 3961 sehabet
721 3926 766 3960 ne·
818 3912 883 3972 vn,
905 3910 979 3965 1.1:
1010 3901 1066 3960 lat
1090 3911 1165 3967 τοῖς
1189 3905 1283 3967 ίσοις
1306 3905 1370 3959 καὶ

225 3994 276 4044 que
294 3978 452 4028 mutandum
473 3979 502 4028 in
523 3967 670 4043 ἀρταζον,
697 3977 767 4043 quod
818 3969 959 4043 ὁμοίοις
991 3971 1045 4043 τὴν
1079 3974 1245 4043 συμμαχίαν
1278 3968 1370 4027 εἶναι.

224 4046 364 4097 Sencroiti
384 4046 455 4096 liber
476 4047 606 4111 praebet;
629 4046 683 4095 vid.
701 4046 768 4095 Brc·
818 4046 903 4097 Plura
919 4046 975 4097 vid.
993 4052 1062 4095 nott.
1081 4043 1248 4107 ad1x‚·26.
1286 4044 1372 4121 Quod

224 4114 286 4164 dou.
305 4130 368 4179 pag.
384 4112 442 4164 366.
484 4115 526 4164 De
543 4115 603 4179 ipso
621 4114 694 4163 festo
711 4114 765 4163 vid.
818 4115 954 4179 sequitur:
978 4106 1050 4163 ἀνευ
1067 4127 1096 4164 τε
1114 4106 1202 4164 δόλου
1224 4108 1276 4162 καὶ
1292 4106 1371 4162 uxri-

224 4187 292 4231 uott.
307 4182 342 4231 ad
354 4181 420 4243 VII,
434 4179 485 4230 266
501 4187 529 4231 et
546 4183 597 4239 lx,
614 4179 652 4231 11.
688 4182 767 4243 Quae
817 4198 876 4248 της,
890 4183 1049 4247 frequenter
1061 4180 1102 4231 sic
1115 4181 1237 4230 iunctum
1251 4181 1372 4245 reperiri

223 4255 385 4314 sequnntur:
398 4248 532 4300 πλείστου
546 4248 563 4300 δ
568 4237 657 4315 ’ἦγον
669 4243 703 4299 τά
716 4247 769 4299 τοῦ
819 4253 923 4300 monuit
935 4250 1059 4314 Lenncp.
1074 4248 1109 4298 ad
1120 4247 1263 4298 Phalarid.
1276 4248 1372 4313 Epist.

224 4315 298 4369 θεοῦ
315 4309 469 4382 πορσύνειν
487 4319 515 4381 li.
530 4335 555 4370 e.
569 4320 674 4369 manuni
685 4318 768 4381 socle-
819 4337 844 4384 p.
857 4318 908 4367 222
925 4318 986 4382 (244
1003 4318 1046 4368 ed.
1065 4317 1153 4382 Lips.)
1172 4315 1234 4367 coll.
1248 4316 1371 4368 Dorvill.
