2984 5154
224 424 265 488 26
660 415 928 479 HERODO'PI

223 600 356 682 οἰκηΐην
378 588 599 683 παρεχόμενος
624 588 835 681 ἐστρατεύετο
862 586 1004 680 άνδράσι
1026 617 1062 659 τε
1087 594 1284 677 διηκοσίοισι
1302 590 1416 660 aalma

225 702 335 784 οἰκηΐη
358 703 424 784 νηΐ.

178 809 218 871 18
298 793 355 877 Ὡς
380 797 417 867 δέ
442 797 635 883 διέστησαν,
660 791 797 885 άσμενοι
822 793 970 884 ἑκάτεροι
995 799 1027 876 ές
1049 791 1153 884 ὅρμον
1176 789 1362 882 ἠπείγοντο.

224 905 258 970 οἰ
280 900 317 970 δὲ
332 896 507 987 Ἕλληνες,
536 892 580 978 ὦς
606 900 835 985 διακριθέντες
862 902 897 968 ἐκ
920 901 979 985 τῆς
1007 904 1193 985 ναυμαχίης
1219 890 1364 985 άπηλλά-

223 1013 371 1092 χθησαν,
389 1007 458 1071 τόν
475 1000 537 1089 μὲν
554 1002 683 1089 νεκρων
701 1002 842 1070 καὶτῶν
859 1007 1033 1089 ναυηγίων
1051 995 1263 1086 ἐπεκράτεον·
1288 1027 1364 1087 τρη

223 1106 304 1194 χέως
323 1104 361 1173 δὲ
379 1104 636 1193 περιεφθέντες,
655 1103 710 1171 καὶ
728 1097 790 1171 οὐκ
808 1099 925 1190 ἥκιστα
941 1098 1130 1189 Ἀθηναῖοι,
1154 1102 1221 1168 των
1238 1105 1276 1169 αλ
1291 1095 1364 1190 ἡμί-

223 1227 296 1275 σεαι
331 1207 399 1275 τόν
428 1208 517 1275 νεῶν
550 1205 752 1292 τετρωμέναι
780 1193 883 1292 ἦσαν,
926 1201 1074 1294 δρησμὸν
1105 1199 1146 1291 δὴ
1184 1200 1365 1288 ἐβούλευον

178 1314 290 1378 19έσω
309 1311 343 1389 ἐς
365 1304 426 1396 την
439 1301 588 1378 Ἐλλάδα.
634 1304 715 1398 Nep
735 1306 772 1376 δὲ
790 1304 903 1395 λαβιδν
920 1301 938 1377 δ
957 1307 1213 1396 Θεμιστοκλέης,
1245 1299 1309 1393 cic,
1336 1311 1366 1374 εἰ

222 1472 420 1550 nuptae).
456 1473 554 1537 Itaque
571 1472 673 1521 retinui
684 1471 765 1523 Κλει·
818 1472 1021 1537 tu,sigillati1n
1032 1470 1364 1535 memorantumquigra·

223 1540 288 1608 νίης
299 1558 316 1593 o
332 1530 510 1605 Ἀλκιβιάδεω
530 1545 557 1589 et
575 1539 610 1589 ad
627 1540 698 1589 hunc
712 1540 768 1589 Cli·
818 1541 940 1590 vissimis
957 1541 1125 1606 temporibus
1148 1554 1291 1604 rerumque
1310 1539 1365 1589 dis·

223 1611 309 1672 uiam,
336 1608 491 1659 Alcibiadis
516 1607 695 1657 famosissimi
718 1624 768 1673 pa·
820 1608 979 1659 criminibus
995 1624 1081 1659 naves
1098 1609 1175 1673 ipsas
1192 1607 1365 1672 suieimpen·

222 1684 301 1737 trem,
318 1678 408 1726 refero
421 1691 528 1741 quoque
541 1691 658 1738 sequeus
671 1691 768 1741 prono·
820 1677 858 1727 sis
871 1682 1045 1726 constructas
1063 1681 1091 1726 et
1102 1680 1216 1726 ornatas
1228 1679 1366 1740 apparatu

222 1761 285 1795 meu
294 1745 439 1795 relativum
448 1731 488 1801 ὃς.
499 1742 652 1793 accedente
663 1759 768 1808 quoque
819 1745 977 1795 necessario
990 1744 1030 1803 (id
1043 1750 1085 1794 est
1098 1737 1275 1800 ἰδιοστόλους
1287 1735 1365 1807 τριή-

185 1874 187 1877 ·
221 1812 380 1873 Plutarcho,
392 1814 438 1876 qui
448 1812 465 1861 l.
476 1812 494 1861 l.
505 1811 577 1861 huuc
587 1811 703 1861 cundem
712 1811 768 1861 Cli·
820 1814 888 1876 ρεις)
902 1813 1126 1877 suppeditaraut3
1146 1827 1198 1877 quo
1215 1813 1275 1877 ipso
1287 1827 1366 1876 egre-

223 1882 297 1931 niam
310 1881 375 1930 navi
388 1880 444 1929 suis
457 1879 555 1946 opibus
565 1885 665 1944 parata
675 1880 710 1929 ad
719 1880 768 1929 Ar·
820 1882 894 1945 gium
912 1881 953 1930 sui
972 1882 1000 1930 in
1013 1881 1132 1945 patriam
1145 1880 1228 1929 studii
1241 1880 1365 1929 testimo·

223 1950 360 1998 tamisium
373 1962 511 2013 pugnasse
524 1946 618 1998 tradit.
649 1946 701 1997 Cui
713 1947 769 1997 Cli·
819 1950 894 1998 nium
918 1948 1047 1998 exhibere
1069 1948 1247 2013 putabantur.
1284 1946 1365 1997 Cous.

222 2017 286 2066 iriae
296 2032 359 2065 nrrm
368 2020 449 2081 pater
458 2015 548 2065 adbuc
556 2015 636 2065 vivus
646 2020 769 2080 sumptus
818 2015 903 2066 Wolf.
918 2016 1047 2081 Prolegg.
1067 2016 1101 2065 ad
1118 2015 1296 2065 Demosthao.
1312 2015 1366 2064 Lo·

224 2086 260 2134 ad
275 2099 374 2133 navem
393 2083 580 2133 instruendam
593 2084 768 2134 necessarios
818 2085 886 2148 ptiu.
911 2100 973 2149 pag.
997 2083 1018 2134 C
1040 2099 1116 2149 seqq.
1139 2083 1247 2133 CXVII.
1267 2083 1364 2133 CXIX.

222 2151 391 2217 praebuerit,
406 2150 531 2214 filiusque
544 2151 614 2201 duee
627 2157 705 2216 patre
719 2167 767 2201 na·
818 2152 943 2202 Boeckb.
957 2151 1105 2202 Oeconom.
1116 2151 1290 2201 Atheniense.
1304 2150 1365 2201 Vol.

222 2236 283 2270 vem
307 2219 395 2284 ipsam
419 2225 448 2269 et
469 2218 594 2269 homines
616 2220 768 2285 praebente
818 2220 840 2270 1.
853 2236 879 2285 p.
893 2218 944 2271 384
957 2220 998 2270 ed.
1012 2234 1085 2283 sec„
1102 2219 1150 2270 ubi
1164 2219 1248 2269 ctiam
1260 2219 1367 2280 monuit

222 2287 388 2353 pugnaverit
409 2285 475 2348 (vid.
493 2288 589 2337 Vater.
613 2286 631 2338 l.
654 2287 671 2336 Ι.
691 2287 767 2337 XIII.
819 2288 853 2337 de
864 2289 934 2338 iusto
944 2290 1106 2338 ducentorum
1115 2289 1232 2338 virorum
1243 2302 1365 2347 numero,

222 2371 286 2420 pag.
296 2353 370 2417 490),
385 2354 458 2404 haud
471 2369 615 2419 quaeram:
634 2352 769 2405 Herodoti
820 2355 917 2420 quibus
927 2357 1052 2405 triremes
1061 2355 1220 2421 plerumque
1234 2354 1367 2420 compleri

223 2428 299 2472 certe
314 2423 455 2472 sententia
471 2422 548 2472 nulla
566 2423 694 2485 aliaest,
713 2424 767 2472 nisi
819 2424 959 2474 solebant:
984 2424 1017 2473 de
1035 2439 1090 2489 qua
1101 2440 1131 2473 re
1145 2425 1199 2473 iam
1213 2439 1297 2489 supra
1308 2438 1366 2474 mo·

223 2490 342 2541 Cliniam
352 2491 409 2540 suis
418 2491 571 2557 sumptibus
580 2507 679 2541 navem
689 2506 768 2557 prac-
818 2492 926 2542 suimus
939 2492 974 2541 ud
987 2491 1039 2553 ΙΙΙ,
1055 2490 1094 2541 13.

221 2558 314 2608 baisse
332 2564 360 2608 et
378 2574 437 2608 cum
459 2557 513 2609 hac
535 2561 602 2609 navi
618 2563 648 2609 iu
664 2559 767 2610 bellum

221 2626 375 2691 profectum
392 2627 492 2677 eximie
508 2642 647 2693 pugnasse
666 2627 701 2677 ad
718 2628 767 2676 Ar·
998 2610 1064 2661 0⁸¹²·
1083 2611 1186 2661 ΧΙἯῙ·

221 2694 371 2756 tamisium3
391 2696 462 2759 quod
475 2711 522 2745 cur
532 2697 621 2745 miuus
634 2695 767 2746 credibile
849 2687 899 2755 Ὡς
913 2689 945 2747 δὲ
958 2689 1120 2762 διέστησαν]
1140 2695 1184 2744 Cf.
1198 2694 1276 2753 VIII,
1292 2693 1325 2744 16
1337 2699 1367 2745 et

222 2762 362 2823 videatur,
376 2761 480 2812 nullam
487 2764 632 2882 perspicio
646 2778 767 2813 causam.
820 2764 855 2813 od
868 2780 963 2814 vocem
976 2752 1094 2828 ἄσμενοι
1110 2764 1169 2813 citt.
1184 2764 1218 2813 ad
1231 2764 1308 2825 VIII,
1326 2764 1364 2813 la.

257 2824 394 2895 δαπάνην
418 2824 483 2896 οἰκη
501 2848 535 2896 ην
561 2824 767 2896 παρεχόμενος]
819 2833 860 2881 λδ
873 2848 968 2882 rocem
983 2827 1184 2896 διακριθέντες
1198 2832 1233 2882 cf.
1246 2835 1315 2881 nott.
1330 2831 1366 2881 ad

221 2897 287 2947 lude
301 2914 362 2947 moa
374 2892 473 2964 οἰκηίη
485 2896 536 2963 νηῒ
552 2897 686 2949 militasse
699 2899 768 2949 dici·
818 2901 883 2960 vll,
897 2898 956 2949 219.

222 2966 350 3027 tursius,
364 2971 394 3014 ut
407 2965 479 3030 apud
492 2966 637 3016 Plutarch?
648 2965 766 3017 Alcibl
852 2965 908 3017 τῶν
928 2961 982 3032 μὲν
1002 2966 1111 3030 νεκρῶν
1131 2962 1180 3018 καλ
1200 2965 1257 3017 τιόν
1274 2983 1365 3033 ναυη-

221 3033 352 3097 legimus,
378 3027 527 3096 ἰδιοστόλῳ
547 3029 670 3100 τριήρει,
696 3034 767 3100 quod
819 3033 898 3101 γέων]
918 3036 1105 3097 Quaeeadem
1122 3037 1162 3086 sic
1177 3036 1367 3101 iunctarepe·

222 3100 318 3151 eodem
336 3116 404 3150 sane
421 3102 501 3151 redit.
537 3103 596 3151 Nec
612 3103 668 3152 alio
685 3118 768 3152 seusu
818 3104 903 3153 rimus
915 3104 987 3163 VIII,
1003 3103 1047 3165 12,
1061 3104 1110 3153 ubi
1121 3103 1175 3154 vid.
1202 3102 1303 3154 Sedulo
1317 3120 1366 3154 au·

222 3162 336 3219 οἰκείαν
348 3167 423 3218 ναῦν
440 3169 509 3219 dixit
521 3171 676 3220 Pausanias
688 3171 728 3230 X,
740 3169 766 3220 9.
819 3177 874 3221 tem
886 3172 1041 3221 Herodotus
1054 3171 1167 3235 indicat,
1181 3172 1368 3222 cadaveribus

221 3238 246 3298 ᾖ.
268 3235 293 3296 l,
318 3251 398 3301 quam
421 3229 582 3288 ἰδιόστολον
602 3243 685 3289 vocat
702 3238 764 3287 Plu·
820 3246 848 3290 ct
859 3241 971 3290 navium
985 3240 1148 3304 fragmentis
1161 3255 1208 3290 eos
1220 3255 1280 3291 esec
1295 3242 1367 3303 poti-

221 3304 511 3356 circumeundae.
525 3304 659 3371 posen.
689 3306 767 3371 Apud
818 3313 874 3358 tos:
898 3309 923 3357 si
937 3307 1046 3372 quidem
1059 3307 1086 3356 id
1098 3308 1245 3358 uictoriam
1257 3308 1365 3359 iudica·

115 3410 119 3419 .
221 3373 310 3436 ipsum
327 3372 496 3423 Herodotum
513 3374 552 3436 V,
569 3374 602 3423 47
622 3374 767 3439 Philippus
818 3377 869 3426 bat
889 3376 1024 3441 simulque
1045 3378 1179 3442 pietatem
1201 3375 1368 3427 declarabat

222 3439 410 3490 Crotoniensis
445 3458 459 3491 e
490 3441 596 3505 Cyrene
625 3443 767 3508 proiectus
819 3460 886 3509 erga
904 3448 1036 3507 mortuos,
1056 3443 1101 3510 qui
1119 3444 1192 3494 iusta
1206 3444 1369 3495 obtinerent

222 3502 385 3585 συνέσπετο,
398 3502 433 3558 οἰ
438 3506 521 3575 κηίη
537 3525 567 3560 τε
589 3502 701 3575 τριήρεϊ
716 3507 765 3561 καὶ
818 3514 957 3577 exsequia.

222 3569 344 3641 οἰκηλη
365 3574 481 3638 ανδρων
508 3570 633 3643 δαπάνῃ.
669 3579 765 3643 Neque
851 3574 974 3644 τρηχέως
992 3573 1023 3630 δὲ
1040 3577 1259 3645 περιεφθέντες]
1281 3580 1366 3632 Cous.

222 3643 305 3693 aliter
316 3643 436 3709 intelligi
449 3645 546 3695 volunt
554 3645 707 3710 Thucydid.
717 3648 764 3708 VI,
817 3653 885 3697 nott
900 3647 935 3697 ad
946 3648 984 3706 V,
1001 3647 1013 3696 l
1029 3653 1058 3698 et
1070 3649 1131 3700 add.
1145 3649 1233 3699 Cobet
1246 3649 1274 3698 iu
1286 3648 1366 3699 Mne·

221 3704 767 3790 61⁸,ubi‘rilcibiadesdicitur26p2vi2uv
818 3731 921 3778 mosyn.
940 3716 1001 3766 VII.
1019 3732 1044 3781 p.
1063 3716 1121 3766 297.
1157 3718 1200 3766 De
1216 3731 1268 3766 usu
1285 3718 1367 3768 verbi

220 3794 283 3843 την
304 3779 435 3830 εαυτοῦ
452 3780 554 3845 ναόν,
578 3782 596 3831 i.
617 3798 640 3831 e.
659 3797 766 3842 navem,
818 3775 982 3847 τιτροόσκειν
1003 3784 1037 3833 de
1059 3785 1161 3835 navibus
1184 3785 1221 3834 ci.
1244 3786 1306 3836 citt.
1329 3786 1368 3837 ad

222 3861 303 3911 quam
319 3849 381 3912 ipse
399 3849 567 3913 praebuerat
589 3850 698 3913 suisque
716 3852 765 3899 im·
817 3852 883 3913 VII,
897 3850 966 3902 233„
985 3852 1026 3901 De
1039 3852 1124 3903 verbo
1138 3844 1292 3918 ἐβούλευον
1305 3856 1366 3917 egi-

221 3915 314 3979 pensis
332 3923 497 3966 armaverat.
534 3918 574 3967 ric
593 3918 638 3967 vcl
657 3918 766 3968 Horatii
818 3935 877 3969 mus
891 3920 925 3969 ad
935 3920 1012 3981 VIII,
1022 3920 1047 3969 4.
1065 3922 1107 3969 Ea
1120 3919 1366 3972 AldinaSchaese-

221 3983 299 4033 locus
316 3983 344 4031 iu
362 3985 449 4049 Epist.
466 3986 494 4047 1,
510 3984 537 4045 1,
551 3984 585 4035 93
603 3984 766 4050 (,‚locuplcs,
817 4003 863 4037 rus
880 3993 1062 4039 revocaverat
1075 3979 1271 4055 έβουλεόοντο,
1291 3990 1367 4054 quod

222 4065 301 4115 quem
314 4050 391 4102 ducit
401 4055 476 4115 priua
487 4052 626 4115 λιττεραε]
645 4060 711 4118 apte
725 4054 765 4103 af·
818 4054 994 4105 Florentiuus
1019 4060 1047 4105 et
1069 4057 1122 4106 duo
1145 4056 1222 4107 codd.
1239 4057 1367 4108 Parisiui

221 4118 309 4168 fertur
332 4136 349 4168 a
367 4119 549 4170 Biomfieldio.
585 4122 672 4182 Quium
696 4122 766 4172 euim
819 4122 954 4188 praebent
971 4123 1095 4189 quodque
1117 4129 1257 4190 receptum
1281 4130 1325 4176 est
1348 4143 1366 4176 a

221 4185 336 4236 athenis
359 4187 517 4253 respublica
538 4190 600 4254 ipsa
620 4190 768 4254 praeberet
818 4196 934 4241 recenti.
947 4191 1008 4241 edd.
1022 4193 1085 4242 iudc
1100 4209 1117 4242 a
1129 4192 1267 4243 Bekkero.

221 4269 308 4305 naves
321 4254 438 4305 bellicas
450 4271 467 4306 a
476 4256 594 4321 siugulis
607 4257 714 4306 civibus
727 4258 765 4308 di-

220 4322 337 4372 tioribus
361 4328 436 4373 certo
460 4324 577 4389 quodam
601 4325 696 4375 ordino
726 4326 766 4376 in·
1012 4310 1077 4362 Off·
1096 4312 1169 4361 ffl-

194 4413 198 4422 ·
222 4392 367 4442 struendas
380 4392 462 4443 umis
476 4408 509 4443 ac
527 4392 632 4461 reliquo
648 4409 765 4460 appara·
851 4386 921 4459 Νόῳ
938 4387 971 4446 δὲ
988 4387 1091 4462 λοβόν]
1116 4397 1298 4447 Locutioncm
1320 4402 1365 4448 at-
