2984 5154
674 372 938 436 HERODOTI

236 560 283 648 τῷ
302 554 371 646 ἱρῷ.
392 552 529 640 λέγουσί
549 550 722 637 rasuera,
746 549 802 616 καὶ
822 543 863 636 δὴ
881 547 936 615 καὶ
961 540 1005 626 ὦς
1029 541 1116 615 ἐόντι
1135 540 1289 633 ἐπιμήνια
1307 545 1369 613 ἐνι-

237 756 294 802 tum
318 753 432 812 attinet,
456 750 639 799 Athenienses
663 750 692 798 in
715 763 780 798 arce
833 745 1032 810 animaliakhis
1050 745 1118 810 ipsis
1136 741 1292 793 numinibus
1309 757 1369 793 cen·

235 826 379 884 serpentem
391 820 463 879 sive,
482 822 513 867 ut
526 817 574 867 alii
587 821 702 881 vocant,
721 818 781 866 dra·
832 818 942 865 sacrata
959 812 1151 862 nutriebantur
1168 815 1197 859 et
1215 808 1368 860 alebantur:

236 903 322 939 eonem
351 886 477 948 alebant,
507 900 616 935 sacrum
638 885 780 947 Minervae
833 883 860 932 id
872 894 937 932 vero
952 879 1130 930 exHerodoti
1142 878 1235 929 verbis
1252 873 1370 943 (λέγουσι

238 956 341 1005 animal
355 955 547 1018 custodemque
561 945 623 1014 (τὸν
635 944 780 1015 οἰκουρὸν)
832 942 863 1000 ol
889 939 1046 1013 Ἀθηναῖοι)
1073 947 1142 996 satis
1171 944 1236 996 colli
1258 947 1268 995 i
1294 960 1370 1010 posse

236 1024 323 1089 ipsius
341 1023 424 1072 arcis.
460 1021 522 1070 Vid.
535 1020 654 1085 Hesych.
669 1035 691 1072 s.
704 1035 730 1070 v.
744 1020 780 1070 11.
832 1017 900 1067 mihi
917 1016 1038 1077 videtur,
1062 1015 1209 1064 draconem
1231 962 1307 1062 illum
1330 1028 1370 1073 ea,

236 1108 263 1156 p.
277 1089 335 1140 726.
358 1089 495 1153 Aristopb.
509 1089 624 1152 Lysistr.
637 1085 688 1137 760
699 1084 779 1149 (708).
833 1100 887 1150 qua
897 1080 1054 1147 Herodotus
1066 1081 1216 1141 scribebat,
1229 1084 1321 1131 aetate
1334 1084 1371 1129 at

237 1158 377 1208 Plutarch.
399 1156 534 1206 Themist.
551 1154 590 1205 10.
610 1170 674 1220 pag.
693 1152 779 1204 llos.
833 1168 884 1218 que
902 1152 1018 1205 Athenis
1042 1151 1102 1216 'msa
1120 1149 1297 1209 versabatur,
1320 1163 1371 1198 non

238 1226 363 1290 idemque
376 1225 418 1274 De
431 1225 498 1274 Isid.
509 1230 536 1272 et
547 1222 650 1273 Osirid.
661 1221 702 1270 71.
717 1222 781 1271 Phi·
833 1220 950 1285 amplius
963 1221 1054 1271 vivum
1067 1215 1210 1282 intemplo
1229 1210 1335 1266 cultum'
1346 1220 1373 1264 et

236 1293 345 1344 lostrat.
361 1294 437 1343 Icon.
456 1290 494 1349 Il,
513 1291 552 1339 17.
567 1307 593 1356 p.
606 1288 656 1340 837
672 1306 695 1340 s.
727 1287 781 1339 ,80
831 1288 963 1338 nutritum
974 1283 1372 1345 luisse‚sacratamenineius

237 1362 293 1410 Iac.
312 1359 438 1410 Eustath.
458 1360 493 1409 ad
511 1358 608 1421 Odyss.
629 1374 655 1422 p.
668 1357 699 1406 14
740 1393 747 1419 ,
765 1357 780 1406 7
832 1356 960 1405 honorem
973 1352 1101 1411 instituta
1114 1366 1222 1417 quoque
1233 1352 1374 1401 menseita

237 1444 258 1478 s.
276 1427 324 1487 64,
344 1428 384 1477 ll.
425 1426 596 1476 Versabatur
625 1424 672 1475 ille
698 1424 780 1475 draeo
832 1423 976 1473 celebrata
988 1426 1107 1482 esse,nt
1120 1420 1197 1473 cibos
1209 1418 1372 1484 (placentas,

235 1495 310 1546 haud
320 1496 402 1545 dubie
415 1497 444 1544 in
454 1495 597 1543 Minervae
610 1493 733 1545 Poliadis
746 1508 780 1542 ea
833 1491 889 1540 alia
911 1491 939 1540 id
963 1488 1061 1556 genus)
1085 1491 1268 1553 apponerent,
1297 1487 1373 1537 lecti-

238 1563 323 1626 cella,
355 1578 425 1628 quae
447 1562 535 1628 ipsius
558 1562 630 1611 deae
651 1564 783 1636 amictus·
833 1560 939 1611 sternia
955 1559 1040 1623 igitur
1060 1556 1187 1606 lacerent
1204 1570 1298 1605 eoram
1315 1554 1373 1603 dra-

237 1632 306 1680 rinm
324 1630 499 1689 continebat,
518 1628 609 1679 media
628 1630 701 1677 inter
714 1628 781 1681 Hre-
813 1630 816 1633 ’
834 1627 910 1681 conis
922 1625 1078 1686 simulacro,
1093 1623 1203 1688 quadiu
1215 1622 1305 1673 locum
1318 1621 1374 1671 dra·

238 1698 367 1748 cbtheum
385 1702 415 1747 et
430 1697 628 1759 Pandroseum,
652 1701 683 1745 nt
702 1698 782 1749 notat
834 1694 912 1744 conis
932 1695 990 1743 viri
1013 1692 1054 1741 ibi
1076 1691 1175 1741 nutriti
1193 1688 1312 1741 cessisse
1329 1704 1373 1754 pu-

237 1767 267 1817 C.
281 1766 314 1817 0.
330 1765 460 1815 Mueller:
480 1764 522 1814 De
541 1763 658 1815 Minerv.
675 1763 782 1814 Poliad.
832 1767 901 1824 tem;
920 1762 948 1812 id
960 1763 1033 1821 enim
1046 1759 1190 1810 declarant
1207 1757 1308 1808 verba:
1327 1752 1375 1806 sul

236 1851 262 1899 p.
273 1832 307 1882 28
324 1832 436 1897 (Kleine
454 1831 595 1882 Deutscbe
611 1832 727 1882 schrift.
746 1832 780 1881 ll.
833 1823 870 1895 δὴ
888 1825 937 1880 aul
954 1819 1005 1888 ὣς
1027 1820 1099 1879 ἐόν
1110 1843 1148 1876 τι
1167 1817 1307 1891 ἐπιμήνια
1319 1815 1376 1874 ἔπι-

237 1918 263 1964 p.
279 1899 337 1965 148)
356 1898 790 1964 0011.Rosiolnseripnuraee:
832 1891 957 1959 τελέουσι
985 1889 1186 1959 προτιθέντες,
1216 1893 1250 1945 de
1281 1894 1375 1959 quibua

236 1986 262 2034 p.
277 1967 333 2017 illl.
363 1969 439 2017 Hinc
449 1967 561 2017 Atticae
575 1968 644 2017 deae
655 1967 781 2017 crebrius
832 1982 894 2017 mox
917 1964 1093 2016 monebimus.
1129 1963 1252 2011 Posteris
1275 1966 1376 2025 tempo·

237 2036 360 2085 additum
378 2035 503 2085 ridemus
521 2040 676 2099 serpentem
694 2034 738 2083 rel
752 2036 781 2084 in
832 2034 908 2084 ribus
926 2046 988 2082 uum
1007 2034 1036 2082 in
1054 2031 1195 2081 simulacri
1218 2029 1308 2080 locum
1326 2030 1375 2078 ite·

235 2118 363 2153 vasorum
391 2103 519 2167 picturis,
548 2102 648 2151 statuis
681 2101 781 2152 aliisve
832 2117 890 2151 rum
909 2101 992 2151 draco
1010 2100 1090 2150 vivus
1108 2096 1237 2160 cesserit,
1257 2097 1286 2146 id
1309 2095 1378 2161 quod

235 2167 503 2287 {prlagipibqthqpp
515 2168 648 2285 {repaqrr
661 2168 780 2232 symbol.
832 2169 956 2285 {udicare
974 2167 1102 2284 vidputrp
1113 2165 1281 2282 Philostqati
1294 2164 1378 2280 vcrhp

236 2253 472 2370 pentlsagsymholo
495 2236 781 2355 olnneelilasssulnsteel·
832 2253 894 2369 roriceo
905 2248 1079 2381 Ἀθὲιῆῒνῖὶςῗξιὸ
1091 2239 1153 2352 asstqt
1176 2246 1379 2350 :lclozliol'lr

237 2373 287 2437 ligi
304 2371 365 2423 vult
381 2371 506 2422 Mueller.
526 2369 545 2421 l.
563 2371 596 2431 1.,
616 2372 700 2436 quod,
720 2388 781 2427 eum
833 2362 1025 2436 ἄνοονολει
1051 2362 1174 2432 οἰκοῦν,
1200 2368 1278 2418 haud
1304 2366 1377 2417 atdr-

237 2445 321 2490 antoa
343 2440 471 2499 latuerit,
496 2454 568 2489 nuuc
590 2440 782 2505 imperfectum
833 2440 1024 2490 neverim-
1048 2438 1096 2489 Gr.
1120 2437 1191 2487 haec
1215 2435 1375 2500 adsumpsit:

237 2512 266 2558 et
277 2507 394 2557 informe
407 2509 603 2572 progerminat.
626 2508 667 2556 Ad
680 2512 781 2558 terram
834 2508 932 2571 „Quod
944 2505 1099 2571 Hesychius
1113 2504 1131 2554 1.
1143 2502 1268 2568 nadair:
1289 2498 1339 2555 καλ
1350 2492 1379 2551 οἱ

236 2577 322 2625 refert
340 2575 459 2625 Creuzer
474 2574 493 2624 1.
506 2574 525 2630 l.
540 2580 568 2625 et
584 2591 649 2641 pag.
661 2575 720 2625 417.
733 2576 781 2625 lV.
832 2569 887 2640 μὲν
905 2569 959 2625 ἕνα
975 2570 1066 2638 φασίν
1083 2563 1240 2637 (δράκοντα
1257 2571 1326 2635 se),
1351 2561 1379 2619 οἶ

235 2659 262 2709 p.
275 2642 326 2693 294
336 2648 506 2708 serpentem,
521 2644 567 2708 qui
580 2643 722 2694 Minervae
736 2643 782 2693 ad·
833 2636 866 2694 dl
890 2633 957 2699 δύο,
981 2642 1113 2691 disertius
1130 2640 1243 2689 Photius
1262 2639 1293 2689 in
1311 2639 1377 2687 Lex.
1475 2686 1476 2709 ,

236 2711 309 2761 ditus
329 2727 417 2776 aeque
437 2711 471 2759 ad
485 2710 682 2776 agriculturam
698 2716 780 2776 atque
832 2710 870 2776 (p.
888 2708 939 2787 3¹:¹³
950 2710 1074 2787 Dobr3p.
1088 2708 1138 2757 274
1151 2706 1253 2772 Lips.):
1276 2699 1378 2781 Olane-

237 2778 273 2828 ad
290 2778 417 2828 medendi
436 2782 524 2828 artem
541 2782 657 2843 spectet.
692 2779 780 2843 Atque
833 2770 885 2842 οόν
908 2791 990 2842 οφιν·
1014 2791 1065 2827 νον
1086 2774 1137 2841 τῆς
1156 2764 1305 2832 Πολιάδος
1327 2787 1379 2837 φο-
1475 2822 1476 2847 ,

236 2847 291 2896 iam
308 2860 390 2911 supra
402 2845 425 2908 I,
439 2844 472 2894 78
484 2844 714 2923 Telmessepsium
731 2862 779 2896 va·
833 2846 921 2896 λακα·
938 2841 988 2895 aul
1000 2836 1169 2907 Ἡρόδοτος·
1188 2837 1334 2907 φύλαρχοι
1346 2832 1379 2889 dl

236 2918 278 2963 tes
291 2914 446 2962 invenimus
462 2912 601 2971 dieentes,
621 2928 691 2978 οφιν
704 2906 781 2964 εἶναι
833 2903 924 2964 οινίοὖ
936 2909 999 2963 δύο.
1036 2911 1228 2977 Haeepartim
1244 2926 1280 2960 ex
1293 2909 1379 2959 Hero·

235 2977 289 3044 γῆς
310 2977 419 3042 παῖδα,
447 2995 500 3029 nec
526 2982 636 3030 omnino
659 2981 779 3042 dubium,
832 2982 897 3032 doto
919 2981 1021 3047 partim
1044 2997 1078 3030 ex
1100 2978 1240 3043 Hesychia
1269 2979 1311 3027 ita
1334 2992 1379 3026 es·

236 3050 392 3112 serpentem
411 3047 482 3111 apud
497 3052 606 3097 veteres
625 3048 660 3096 ad
679 3053 781 3099 terram
832 3050 925 3115 pleas:
943 3044 1002 3098 Kal
1015 3040 1169 3112 Ἡρόδοτος
1186 3039 1240 3110 μὲν
1252 3037 1308 3095 ἕνα
1326 3058 1380 3110 φη·

235 3118 363 3194 speetare
386 3116 495 3179 vimque
525 3113 667 3164 declarare
689 3120 780 3166 terrae
832 3113 878 3168 uls
902 3109 994 3180 ἐντῷ
1022 3110 1104 3182 ἱερῷ·
1134 3106 1321 3178 Φύλαρχος
1348 3104 1380 3161 dl

234 3181 348 3232 vitalem
366 3182 396 3231 in
414 3183 476 3246 ipsa
493 3187 568 3231 terra
585 3182 718 3234 latentem
733 3199 779 3249 ge·
832 3174 924 3235 αὐτοῦ
941 3180 1004 3235 δύο.
1038 3184 1108 3234 Nam
1131 3184 1172 3232 ita
1190 3180 1280 3232 codex
1299 3179 1380 3231 Galei

233 3249 363 3313 ninmque
381 3249 437 3299 loci
455 3249 518 3299 inde
536 3249 635 3300 haberi
652 3256 680 3300 et
693 3256 781 3302 custo·
833 3268 850 3302 a
867 3253 989 3303 Porseno
1014 3257 1042 3301 et
1060 3251 1170 3301 Dobreo
1193 3249 1314 3300 collatus
1330 3262 1380 3313 pro

234 3317 310 3376 dem,
331 3331 445 3381 eamque
464 3318 553 3381 ipsam
572 3318 606 3367 ob
626 3333 738 3368 causam
752 3320 780 3368 in
832 3312 988 3385 Φύλαρχοι,
1008 3321 1102 3384 inquo
1114 3334 1169 3369 non
1185 3317 1314 3368 haesisse
1333 3315 1380 3365 mi·

236 3384 346 3435 deorum
365 3384 475 3450 templis
500 3388 636 3435 asservari
656 3386 780 3451 adeoque
831 3404 876 3439 ror
888 3388 1097 3438 schleusnerum
1117 3383 1381 3451 (Animadversum

233 3453 333 3502 nutriri
360 3457 493 3516 tanquam
515 3453 698 3517 praesidium,
727 3470 779 3519 quo
831 3456 923 3506 Photii
946 3456 1014 3505 Lex.
1042 3471 1105 3519 pag.
1128 3452 1199 3515 270).
1240 3453 1335 3517 Atque
1356 3450 1380 3500 si

233 3520 310 3569 locus
329 3535 409 3569 sacer
421 3521 530 3570 omnino
543 3522 714 3571 custodiatur
725 3521 780 3571 sal·
830 3524 1000 3588 Hesychium
1019 3522 1171 3588 pleniorem
1183 3520 1321 3571 Herodoti
1336 3534 1379 3569 co·

233 3602 337 3651 vusque
351 3592 475 3637 servetur
488 3594 570 3652 atque
584 3589 703 3655 integer:
721 3589 779 3639 vid.
830 3591 919 3641 (licem
937 3596 1075 3641 tractasse
1093 3593 1212 3650 statuas,
1232 3588 1300 3638 hnic
1319 3590 1380 3652 post

234 3654 390 3704 Bdttichcr:
413 3653 555 3705 Tektonilr
577 3657 613 3706 ll.
636 3673 699 3723 pag.
719 3655 777 3715 305,
832 3649 863 3708 ἓν
876 3656 913 3723 τῷ
927 3652 980 3720 1οῷ
991 3657 1143 3708 addendum
1157 3670 1275 3707 censeas
1289 3646 1380 3716 Ἐρε-

234 3722 389 3804 Boumeult.
407 3738 471 3787 pag.
487 3721 525 3782 19,
544 3722 655 3774 Emerie
673 3724 778 3773 David:
831 3724 942 3803 xdqpc
953 3723 1009 3792 [vel
1019 3714 1295 3806 potius’Epapds'ch
1309 3723 1379 3773 Nam

235 3790 358 3854 Iuppiter
370 3790 660 3855 1.pag.ccxxxvl11
671 3797 699 3841 et
709 3807 779 3856 quae
831 3792 882 3843 τοῦ
913 3793 1059 3857 Ερεχθεος
1087 3792 1184 3842 adiicit
1205 3792 1379 3855 Lexicogra-

235 3856 387 3937 efferuntur
399 3873 416 3906 a
429 3856 459 3906 C.
471 3858 518 3907 ur.
531 3859 700 3909 Hermanno:
715 3859 779 3909 Got·
831 3860 908 3926 phua.
926 3861 996 3911 Utut
1008 3864 1059 3925 est,
1073 3861 1188 3910 Photius
1199 3858 1308 3924 prodit:
1325 3858 1380 3907 He·

234 3924 389 3974 tesdrenstl.
403 3924 556 3975 Alterth.d.
572 3926 683 3976 Grieeh.
701 3927 725 3987 §-
741 3925 779 3974 ln.
832 3927 942 3978 rodotns
960 3944 1042 3978 unum
1065 3928 1213 3978 draconem
1231 3929 1261 3976 iu
1280 3942 1316 3977 eo
1334 3940 1378 3975 sa·

234 3996 291 4042 not.
317 3990 355 4072 14.
396 3992 478 4042 Haud
501 3994 586 4059 igitur
611 3993 779 4056 mirabimur,
832 3993 1381 4061 erarioessemarraasescilicet,utHe·

223 4057 520 4125 .athen1squ0quein
532 4061 688 4119 Minervae,
708 4076 779 4110 sum·
831 4062 941 4113 rodotus
963 4065 1022 4129 ipse
1046 4064 1142 4125 tradit,
1169 4060 1380 4122 Athenienses),

235 4142 296 4176 mae
319 4127 528 4177 Atheniensium
554 4128 637 4191 deae,
667 4128 779 4179 delubro
830 4130 1002 4195 Phylarchus
1020 4130 1254 4195 (historicuslduo
1274 4129 1381 4179 ibidem

235 4193 383 4244 draconem
413 4200 552 4246 serratum
587 4200 615 4245 et
647 4197 779 4246 nutritum
831 4200 922 4250 esso.“
956 4199 998 4248 Tu
1016 4199 1070 4248 vid.
1089 4198 1214 4249 Mueller.
1234 4197 1380 4263 Pragmm.

235 4277 297 4312 esse
319 4264 410 4328 prouti
428 4263 458 4312 in
476 4263 539 4314 aliis
557 4262 673 4313 aliorum
692 4266 778 4313 numi·
829 4267 976 4317 Historicc.
996 4266 1111 4317 Graece.
1131 4267 1152 4318 I.
1171 4281 1233 4331 pag.
1253 4264 1318 4315 355.

234 4345 298 4380 num
310 4330 420 4397 templis
432 4331 548 4382 similem
563 4331 590 4381 in
602 4331 709 4382 modum
722 4331 780 4382 ulia
832 4392 835 4397 1
863 4331 914 4384 καὶ
942 4326 978 4401 δὴ
1002 4330 1051 4384 καὶ
1073 4324 1111 4392 οἱς
1138 4325 1214 4385 ἐόντι
1237 4322 1381 4399 ἐπιμήνια
