2866 5134
222 429 283 490 490
636 424 951 487 COMMENTATIO

221 606 311 652 erstem
326 598 369 650 hic
383 598 469 651 codex
485 599 606 653 eiusdem
620 597 736 652 familiae
752 615 812 651 curu
828 617 875 666 eo,
891 616 971 669 quem
985 597 1072 669 primo
1090 597 1148 651 loco
1163 599 1319 667 nominavi,
1335 606 1361 653 et

220 683 286 738 licet
299 692 389 737 aetate
407 684 444 736 sit
465 684 511 737 illo
531 686 683 752 recentior,
709 691 797 737 tamen
812 684 934 737 bonitate
953 683 1024 736 haud
1044 684 1155 736 multum
1172 683 1259 737 eidem
1274 684 1361 751 cedit3

220 776 303 839 etque
317 786 369 822 usu
385 768 465 822 etiem
483 771 563 822 nobis
579 770 714 823 interdum
729 769 821 837 venit,
846 773 879 823 ut
897 769 1104 838 probatissimas
1119 768 1252 822 lectiones
1268 788 1303 823 ex
1318 770 1363 822 illo

220 854 390 923 potuerimus
411 856 550 923 proferre,
580 872 651 926 quas
672 873 705 908 ex
728 854 815 908 altero
837 873 890 907 non
916 854 1068 925 reperimus
1089 860 1225 906 enotatas.
1271 854 1364 908 Tenet

220 944 310 992 autem
326 941 391 992 haec
411 939 511 993 familia
527 941 607 1012 (suasi
628 940 763 1009 quoddam
777 940 892 993 medium
914 939 988 993 inter
1001 939 1080 992 codd.
1098 941 1176 994 Arois.
1192 939 1363 1009 (Sancroit.)

219 1016 247 1076 et
266 1026 376 1080 Vindob.
397 1026 431 1077 ab
451 1042 505 1078 una
520 1031 598 1095 parte
615 1033 643 1078 et
658 1027 732 1079 Pera.
748 1028 809 1079 Arlr.
829 1026 900 1079 Med.
923 1032 950 1077 et
964 1028 1039 1079 Fler.
1055 1026 1090 1077 ab
1105 1024 1206 1091 altera,
1230 1025 1313 1077 modo
1330 1025 1363 1077 ad

220 1109 269 1161 hos
291 1111 368 1162 modo
392 1110 426 1163 ad
445 1109 507 1164 illos
525 1111 612 1179 magis
628 1110 796 1164 inclinans.“
829 1109 910 1180 Apud
923 1109 1138 1178 Wesselingium
1157 1109 1239 1163 buius
1257 1110 1362 1163 codicis

218 1194 351 1248 lectiones
378 1194 494 1249 indicari
522 1194 602 1249 litari
622 1195 661 1263 A,
690 1196 763 1266 apud
784 1195 1076 1263 Schweighaeuserum
1105 1193 1215 1249 noth
1242 1194 1305 1249 sive
1329 1197 1364 1250 I'c

222 1280 301 1333 modo
316 1281 381 1333 dixi.

306 1385 424 1451 Quartus
446 1382 531 1435 codex
546 1382 691 1436 Parisinus
713 1385 737 1437 D
756 1382 815 1437 sive
830 1382 871 1435 Pd
887 1386 1000 1435 notatus
1021 1381 1096 1451 apud
1115 1380 1362 1451 Schweighaeuse-

219 1483 277 1518 rum
293 1474 322 1519 et
337 1467 397 1537 ipse
413 1467 575 1521 chartaceus
591 1475 650 1535 est,
669 1485 741 1522 anno
758 1472 969 1523 retexeretur
987 1486 1030 1520 nr.
1046 1466 1294 1520 MMCMXXXIII.

305 1570 417 1637 Quintus
432 1569 517 1622 codex
533 1587 575 1622 nr.
589 1569 711 1638 holm,
726 1569 774 1641 qui
790 1567 853 1621 libr.
870 1569 893 1624 I.
908 1585 969 1638 cap.
983 1571 1066 1622 1-87
1083 1568 1214 1622 continet.
1248 1570 1292 1621 De
1307 1587 1362 1640 quo

218 1653 257 1706 ita
273 1653 554 1722 Schweighaeuserus
568 1654 586 1709 l.
601 1654 619 1707 l.
636 1672 663 1723 p.
677 1654 790 1708 XXXV:
813 1653 982 1721 „Admodum
997 1654 1106 1722 quidem
1121 1672 1219 1707 recena
1234 1653 1260 1707 ia
1275 1654 1362 1707 codex

218 1745 278 1805 est,
301 1756 380 1810 quem
399 1757 450 1791 nos
467 1738 532 1791 noti
546 1739 636 1792 Paris.
653 1741 677 1793 u
694 1740 753 1792 sive
771 1741 806 1793 Pe
820 1738 1012 1792 distinximuss
1039 1746 1082 1807 at,
1100 1755 1172 1809 quae
1188 1738 1300 1809 quidem
1316 1739 1362 1792 ille

217 1823 375 1877 Herodotea
395 1824 519 1890 exhibet,
545 1843 576 1877 ea
598 1843 613 1877 e
635 1824 828 1894 probatissimo
848 1831 943 1876 vetere
962 1823 1055 1876 codice
1078 1824 1217 1894 descripta
1234 1842 1300 1876 esse
1317 1843 1362 1877 co·

217 1909 332 1974 gnevi.“
369 1909 479 1971 Quibus
494 1910 600 1962 accedit
612 1909 683 1963 alius
697 1909 842 1962 Parisinus
857 1908 940 1977 liber,
956 1914 1084 1977 excerpta
1100 1927 1134 1962 ex
1146 1908 1281 1962 Herodoti
1297 1908 1362 1962 hlo-

218 1992 258 2045 sis
276 1993 437 2061 continens,
460 1997 574 2066 Fragor.
593 1994 676 2049 Pirria.
693 2013 738 2064 ep.
753 1993 938 2062 Wesseling„
963 1993 990 2046 in
1009 1993 1130 2048 editione
1146 1993 1361 2062 Schweighaeu-

217 2078 288 2145 seri,
305 2079 331 2130 in
352 2078 431 2132 cuius
451 2096 529 2132 usum
544 2079 661 2132 contulit
675 2081 707 2132 1..
724 2080 759 2133 H.
777 2077 897 2147 Ileyler,
913 2080 967 2133 sub
981 2078 1047 2132 noti
1064 2080 1105 2150 Ps.

300 2179 353 2233 His
373 2182 537 2250 subiungant
557 2181 749 2234 indicationem
767 2180 882 2233 eliorum
897 2181 1068 2252 quorundam
1085 2180 1220 2233 Herodoti
1237 2181 1361 2235 codicum

218 2263 350 2332 nondum,
377 2274 507 2337 quantum
530 2266 601 2335 scio,
623 2266 797 2319 collatorum:
822 2266 858 2318 ad
879 2265 1036 2319 recentiora
1055 2272 1178 2336 tempora
1193 2266 1258 2318 mihi
1272 2268 1360 2335 perti·

216 2366 283 2401 nere
300 2348 339 2403 illi
359 2351 489 2404 ridentur
508 2351 628 2423 indeque
650 2352 729 2405 etiem
750 2351 878 2404 minorem
895 2352 1082 2404 auctoritatem
1101 2351 1201 2403 hebere
1221 2351 1250 2403 in
1266 2352 1361 2405 Hero·

217 2433 273 2485 doti
292 2435 384 2489 verbis
400 2437 502 2489 rectius
518 2436 730 2490 constituendis.

301 2537 333 2588 In
349 2537 528 2592 Mediceoruna
545 2537 709 2591 bibliotheca
730 2542 839 2608 praeter
857 2536 931 2590 illum
947 2536 1081 2591 Herodoti
1096 2536 1230 2607 codicem,
1253 2537 1286 2590 de
1301 2555 1359 2608 qao

216 2637 301 2691 supra
317 2621 449 2692 diximus,
473 2633 527 2678 tres
540 2623 586 2675 alii
606 2629 788 2676 asservantur
801 2622 936 2676 Herodoti
955 2622 1079 2689 codices,
1103 2629 1135 2675 ut
1148 2628 1268 2675 testetur
1284 2623 1360 2677 Ben-

216 2705 273 2757 dini
289 2705 317 2758 in
331 2706 464 2777 catalogo
479 2709 559 2761 codd.
572 2708 638 2761 bibl.
655 2709 789 2762 Laurent.
804 2708 866 2760 Vol.
880 2707 918 2760 11.
937 2725 1000 2778 pag.
1015 2711 1082 2762 065:

252 2810 275 2859 I.
299 2806 371 2860 Plut.
387 2808 470 2862 LXX.
491 2809 552 2866 cod.
568 2810 616 2864 VI.
632 2811 851 2863 membranaceos
871 2809 973 2863 saeculi
1000 2809 1097 2863 decimi
1116 2808 1224 2880 quarti,
1247 2809 1296 2879 qui
1317 2811 1361 2862 ἰο-

299 2892 344 2946 IIia
361 2901 472 2947 constat
490 2898 543 2950 340
564 2900 593 2948 et
608 2894 717 2948 Nicolai
732 2894 859 2948 Triclinii
881 2911 960 2948 manu
981 2894 1103 2965 scriptus
1127 2900 1170 2948 eat
1191 2912 1263 2947 anno
1286 2897 1360 2950 lale

299 2978 377 3033 form.
393 2987 500 3050 quart,
520 2985 551 3033 ut
567 2985 687 3034 testatur
701 2981 879 3049 subscriptio.

249 3083 274 3132 2.
298 3080 372 3136 Plut.
384 3080 467 3134 LXX.
479 3081 539 3136 cod.
549 3081 646 3135 XXIX.
659 3083 878 3136 membranaceus
890 3079 993 3134 saeculi
1004 3080 1099 3133 decimi
1112 3080 1212 3151 quieti,
1222 3088 1361 3136 constans

300 3164 375 3219 foliis
392 3170 441 3220 192
458 3174 486 3219 et
499 3165 710 3235 diligentissime
725 3174 871 3233 exaratus,
891 3175 921 3219 nt
937 3166 976 3218 ait
991 3165 1110 3219 Ilandini
1125 3165 1143 3221 l.
1161 3165 1178 3217 l.
1195 3183 1257 3235 pag.
1268 3167 1338 3220 688.

249 3268 275 3321 3.
298 3265 371 3319 Plut.
386 3266 468 3321 LXX.
485 3268 544 3320 cod.
559 3268 669 3325 XXXII.
686 3270 846 3322 chartaceus
863 3269 966 3322 formae
984 3275 1110 3334 octavae,
1132 3266 1234 3319 decimo
1256 3269 1361 3337 quinto
1429 3288 1430 3339 p

299 3352 410 3405 saeculo
426 3354 548 3424 scriptus
565 3362 593 3407 et
607 3359 738 3407 constans
752 3353 826 3407 foliis
844 3357 912 3408 345:
935 3353 1051 3423 optimae
1068 3360 1150 3405 notae
1167 3369 1228 3405 eum
1242 3369 1360 3424 quoque

299 3457 362 3491 esse
376 3438 479 3491 asserit
491 3439 611 3492 Bandini
626 3438 644 3491 l.
657 3438 675 3491 l.
692 3456 755 3509 pag.
770 3441 832 3494 689.

299 3556 424 3626 Inspexit
445 3559 494 3610 hos
515 3557 624 3617 codices
639 3556 737 3610 Abicht
756 3555 904 3628 (Philolog.
919 3556 981 3609 XII.
997 3575 1025 3626 p.
1040 3556 1107 3623 aot)
1128 3556 1292 3626 eosdemque
1309 3576 1359 3610 ae-

215 3648 272 3695 tate
288 3648 316 3694 et
331 3642 467 3709 dignitate
481 3642 606 3696 Mediceo
621 3642 681 3710 illo,
704 3659 782 3711 quem
798 3642 884 3712 primo
899 3641 958 3694 loco
974 3642 1048 3694 inter
1062 3658 1155 3694 omnes
1173 3641 1283 3695 codices
1295 3641 1359 3696 He-

215 3726 344 3779 rodoteos
359 3727 616 3797 composuimus,
639 3725 720 3793 longe
741 3727 889 3780 interiores
906 3727 1045 3780 habendos
1061 3745 1123 3779 esse
1137 3727 1271 3793 affirmat,
1295 3726 1358 3796 ple-

214 3829 329 3881 rumque
343 3827 404 3864 cum
419 3813 470 3865 hoc
485 3813 545 3882 ipso
562 3812 687 3866 Mediceo
709 3818 758 3863 out
772 3811 933 3865 Florentino
950 3811 1166 3867 consentientes.
1203 3811 1359 3865 Praeteres

215 3897 284 3949 idem
303 3898 345 3949 vir
365 3897 463 3950 doctus
485 3896 512 3950 in
530 3900 706 3951 Hiecnrdisna
725 3895 888 3950 bibliotheca
909 3897 1029 3950 codicem
1044 3896 1179 3949 Herodoti
1200 3896 1357 3951 sevidisse

214 3988 349 4049 testetur,
370 3998 450 4052 quem
465 3982 574 4035 saeculo
591 3983 693 4035 decimo
708 3989 807 4053 quarto
823 3984 881 4036 fere
896 3982 1081 4052 conscriptum
1096 3982 1138 4035 his
1157 3981 1247 4036 tribus
1262 3981 1356 4035 illedi-

214 4067 271 4119 ceis
286 4084 378 4136 parem
395 4067 481 4119 videri
496 4067 580 4119 addit.

298 4168 376 4221 Inter
397 4167 506 4220 codices
528 4170 703 4223 Bsrocoicnor
724 4168 849 4222 Oxoniee
869 4176 995 4222 servatos
1017 4176 1238 4222 commemorator
1261 4168 1354 4222 Hero-

185 4294 189 4301 .
213 4254 271 4306 doti
288 4253 373 4305 codex
394 4253 554 4306 chartaceus
570 4253 673 4307 saeculi
688 4254 752 4322 XV,
776 4272 818 4307 nr.
835 4253 938 4321 CXIV,
963 4255 1083 4324 itemque
1103 4253 1173 4306 alter
1189 4253 1354 4308 chartaceus

214 4337 315 4391 saeculi
326 4337 375 4389 XV
389 4339 517 4392 exeuntis
532 4339 605 4391 inter
620 4338 698 4391 codd.
711 4337 822 4391 miscell.
840 4357 882 4393 nr.
896 4339 948 4391 CII
963 4338 1107 4408 signatus.
1123 4336 1179 4391 rid.
1190 4338 1281 4391 Cere:
1296 4338 1353 4391 Ce-

214 4424 317 4493 tulogg.
334 4424 413 4477 codd.
428 4441 493 4476 mss.
511 4425 575 4478 bibl.
589 4423 696 4477 Bodlei.
713 4423 737 4476 1.
756 4441 784 4492 p.
798 4426 848 4479 186
863 4430 892 4477 et
901 4426 964 4479 679.
