2866 5134
285 409 342 468 uu
365 408 470 469 urna
490 409 548 469 uu
570 407 762 469 11111111
783 368 1029 471 1111111111.Α
1161 411 1221 473 rao

82 585 168 638 editio
190 599 279 653 nsque
300 581 333 634 ed
350 580 380 647 1,
395 583 445 648 32,
467 585 609 651 excerptas
626 580 687 633 11111
707 599 722 633 e
737 580 862 648 catalogo
883 581 1006 652 (Graeca
1021 580 1055 632 D.
1071 581 1158 634 Marci
1176 582 1221 633 Bi·

83 670 218 724 bliotheca
236 667 314 720 codd.
330 683 395 719 mss.
411 666 510 718 Venet.
530 669 605 719 1740.
621 684 685 736 pag.
704 665 767 734 109)
783 665 921 732 codicum,
938 683 1017 736 quem
1031 666 1154 734 Zanetti,
1179 668 1224 719 vir

83 758 198 821 doctas,
212 752 303 819 dedit,
326 751 399 804 hunc
415 751 531 804 codicem
545 752 775 804 membranaceum
791 769 853 804 esse
868 751 998 822 foliisque
1013 760 1140 805 constare
1155 754 1223 805 scri-

82 841 140 912 ptis
158 842 207 894 381
230 844 258 890 11
273 837 307 889 ad
322 835 458 889 saeculum
474 836 603 889 decimum
622 837 747 907 quintum
767 836 905 906 pertinere
925 843 1062 906 testatus,
1085 838 1224 906 signatum

82 942 161 979 nunc
174 941 216 976 ur.
235 921 407 974 cccuxlv.
444 922 503 974 Has
523 921 656 974 lectiones
672 939 726 974 non
743 921 868 974 meliores
886 939 949 974 esse
963 922 1013 987 iis,
1036 922 1224 992 1111111111-

82 1008 218 1064 bouensis
235 1006 306 1059 liber
327 1006 436 1059 exhibet
459 1024 490 1059 ac
511 1006 669 1078 plerumque
687 1006 795 1059 lonicae
816 1004 924 1059 dialecti
944 1008 1046 1059 formas
1064 1008 1091 1059 in
1109 1024 1224 1061 commu-

83 1112 147 1151 nem
168 1110 320 1147 sermonem
343 1098 530 1145 transvertere
552 1092 630 1144 facile
649 1090 841 1160 intelligimus:
866 1109 955 1161 neque
975 1092 1094 1144 melioris
1117 1094 1225 1145 omnino

82 1179 253 1235 conditionis
268 1195 332 1231 esse
346 1176 419 1229 hunc
432 1178 529 1230 librurn
545 1179 605 1246 ipse
625 1176 764 1243 intellexi,
787 1194 846 1230 cum
863 1177 987 1229 Venetiis
1003 1178 1121 1230 codicem
1138 1178 1225 1247 inspi-

82 1282 184 1320 cerem.
217 1264 250 1315 In
265 1261 356 1314 eadem
372 1260 406 1314 D.
422 1262 510 1315 Marci
525 1261 693 1315 Bibliotheca
707 1260 778 1314 alius
793 1278 903 1332 quoque
917 1262 1052 1315 Herodoti
1068 1263 1152 1315 codex
1168 1282 1226 1316 ser-

83 1356 184 1417 vatur,
204 1348 252 1419 qui
266 1352 409 1416 praeterea
424 1347 524 1400 1111111
539 1348 669 1400 Caesaris
687 1347 791 1417 scripta
806 1346 938 1400 nonnulla
953 1348 1089 1400 continet:
1120 1349 1227 1400 charta-

82 1453 154 1489 ceus
171 1451 233 1486 esse
249 1432 350 1485 dicitur
364 1433 473 1485 saeculo
489 1432 592 1485 decimo
606 1433 702 1503 quinto
718 1433 827 1485 circiter
840 1433 962 1501 scriptus
977 1432 1227 1487 11111111264111-

85 1528 186 1583 stans,
202 1518 329 1586 signatae
345 1533 419 1570 nunc
433 1535 476 1570 nr.
493 1516 656 1571 CCCLXV!
664 1536 671 1583 ;
693 1517 749 1569 vid.
763 1517 781 1570 l.
801 1517 819 1572 i.
836 1535 898 1586 pag.
918 1520 976 1570 175.

174 1604 228 1655 lam
250 1602 393 1655 dicendum
417 1603 450 1655 de
470 1603 592 1656 parisinis
611 1602 766 1670 codicibus,
792 1619 906 1672 quorum
930 1609 988 1654 tres
1006 1603 1033 1654 in
1050 1603 1229 1671 Wesselingii

83 1708 170 1747 usuro
192 1688 306 1741 collatos
329 1696 357 1739 et
374 1688 406 1739 in
424 1689 484 1740 eius
505 1687 626 1740 editione
648 1687 794 1741 distinctos
817 1687 972 1739 invenimus
991 1687 1079 1755 signis
1097 1687 1129 1739 Α.
1145 1689 1178 1741 Β.
1195 1689 1228 1741 C.

83 1779 189 1849 Neque
214 1791 280 1826 vero
302 1772 371 1825 satis
394 1779 546 1825 accurratam
570 1791 632 1825 ease
652 1773 747 1825 horum
769 1772 933 1825 voluminum
955 1771 1139 1840 collationem,
1169 1775 1229 1842 ipse

81 1858 295 1927 Wesaelingins
314 1858 367 1909 iaru
385 1864 555 1929 conquestus
576 1866 651 1925 erat,
673 1865 738 1927 post
757 1874 836 1928 quem
849 1858 1004 1910 Laroherus
1025 1858 1053 1909 iu
1069 1866 1229 1910 commenta-

82 1948 140 2003 riis
162 1945 225 1997 suis
240 1942 346 1995 Gallico
370 1961 495 1997 sermone
515 1943 549 1994 ad
563 1943 733 1996 Herodotum
758 1943 923 2013 conscriptis
942 1942 1088 1995 nonnullas
1112 1944 1156 1995 hic
1176 1944 1232 1996 illic

83 2032 223 2087 lectiones
240 2045 272 2081 ex
285 2028 379 2079 iisdem
391 2027 494 2081 attulit.
518 2028 682 2081 Accusatius
693 2027 755 2080 illos
770 2045 825 2080 uua
840 2044 899 2080 curn
914 2028 1004 2081 tribus
1019 2028 1080 2081 aliis
1092 2028 1232 2098 Schweig-

83 2115 218 2172 haeuseri
236 2119 334 2181 rogatu
351 2113 469 2166 eontulit
483 2113 655 2181 Gorgiades,
672 2114 798 2166 Graecus
813 2114 907 2181 homo,
928 2113 1119 2184 variarumque
1136 2115 1231 2166 unius-

83 2203 229 2270 cuiusque
240 2198 343 2251 codicis
359 2198 504 2250 lectionum
515 2198 622 2251 libellos
638 2206 782 2269 separatos
794 2198 1056 2267 Schweighaeusero
1069 2199 1232 2267 transmisit,

82 2291 115 2342 in
133 2286 216 2341 ouius
241 2283 387 2337 editionem
405 2290 463 2336 tota
481 2284 548 2336 haec
569 2281 676 2336 collatio
696 2289 809 2353 recepta
829 2291 886 2349 est3
910 2300 1000 2353 neque
1021 2289 1108 2337 tamen
1129 2285 1173 2337 vel
1193 2284 1233 2337 sic

84 2374 195 2428 desunt
214 2368 282 2435 loci,
305 2369 332 2420 in
357 2369 459 2440 quibus
480 2369 545 2438 quid
568 2368 595 2421 in
619 2367 669 2420 hoc
690 2370 750 2421 sive
770 2368 816 2421 illo
840 2368 910 2421 libro
933 2368 1107 2434 inveniatur,
1133 2369 1233 2422 dubins

87 2462 222 2522 haereas,
240 2454 401 2524 praesertim
415 2454 443 2505 in
460 2453 579 2521 singulis
595 2452 758 2524 quibusdam
773 2454 883 2522 formis,
902 2453 1155 2523 terminationibus,
1172 2455 1234 2507 aliis

87 2540 249 2596 huiusmodi
264 2540 364 2606 rebus,
388 2555 458 2609 quas
481 2539 608 2591 minutias
631 2556 694 2591 esse
711 2557 804 2609 parum
828 2545 902 2592 recte
917 2539 1025 2609 quidam
1040 2536 1233 2609 opinantur*).

91 2628 169 2680 inter
185 2627 237 2678 hos
251 2642 317 2678 vero
332 2642 381 2677 sex
399 2624 523 2692 codices,
539 2623 670 2695 reliquis,
690 2642 761 2695 quos
776 2625 854 2677 modo
871 2624 1073 2690 recensuimus,
1091 2625 1175 2678 multo
1191 2644 1234 2678 re-

95 2712 248 2777 certiores,
272 2708 353 2778 longe
369 2709 499 2780 princeps
516 2710 632 2763 habetur
646 2709 686 2777 is,
712 2711 759 2782 qui
778 2727 889 2765 numero
905 2709 1103 2763 Mucxxxrll
1119 2710 1234 2779 insigni-

93 2807 140 2850 tor
153 2796 392 2862 membranaceus,
408 2794 501 2848 seculo
515 2795 689 2862 duodecimo,
706 2803 864 2865 utputant,
880 2803 1018 2849 exaratus.
1042 2795 1124 2848 Conf.
1136 2795 1235 2848 Larch.

91 2883 230 2945 Herodot.
242 2880 278 2932 T.
290 2880 312 2932 1.
328 2897 356 2948 p.
367 2879 480 2935 XXXVI
495 2880 537 2933 ed.
551 2898 607 2934 sec.
637 2880 716 2949 Apud
728 2880 1020 2949 Schweighaeuserum
1032 2886 1144 2933 notatur
1155 2880 1236 2948 signo

91 2970 126 3024 A.
142 2969 205 3020 sive
218 2966 274 3033 Pa,
294 2964 474 3033 Wesselingii
488 2966 516 3017 in
533 2966 652 3023 editione
668 2964 747 3018 litori
763 2966 801 3034 C;
822 2983 893 3035 quae
909 2965 978 3018 enirn
996 2964 1032 3017 ibi
1048 2964 1141 3018 additui
1157 2964 1237 3018 literi

89 3056 113 3109 A
132 3054 318 3124 proferuntur
339 3050 489 3117 lectiones,
513 3051 637 3104 ecodice
651 3049 778 3104 Parisino
794 3052 876 3104 tertio
893 3052 953 3103 sive
970 3051 992 3102 C
1009 3050 1082 3120 apud
1096 3051 1236 3120 Schweig-

89 3142 261 3192 haeuserum
276 3137 450 3205 depromptas
469 3154 532 3189 esse
547 3137 654 3189 invenit
668 3136 958 3205 Schweighaeuserus.

184 3226 257 3277 Alter
268 3218 353 3274 codex
368 3221 527 3274 chartaceus
543 3227 600 3288 est,
617 3240 658 3275 nr.
672 3221 882 3289 MDCXXXIV,
898 3226 1028 3274 exaratus
1043 3239 1115 3274 anno
1129 3239 1156 3290 p,
1170 3220 1237 3273 Chr.

89 3332 120 3365 n.
141 3313 226 3374 1372,
253 3312 364 3359 notatus
380 3306 459 3358 liberi
476 3307 497 3358 B
515 3307 575 3359 sive
591 3307 640 3358 Pb.
681 3306 713 3359 lu
730 3307 852 3375 margine
868 3305 999 3377 quaedam
1016 3305 1119 3358 scholia
1133 3306 1237 3358 adscri-

88 3404 144 3469 pta
159 3401 237 3449 sunt.

185 3478 293 3532 Tertius
306 3477 391 3529 codex
407 3476 476 3529 idem
491 3476 666 3543 chartaceus,
690 3493 762 3528 anno
778 3494 805 3545 p.
823 3476 889 3527 Chr.
907 3494 934 3528 n.
957 3480 1022 3528 1117
1038 3483 1182 3543 exaratum
1206 3477 1239 3528 de

88 3584 153 3639 quo
168 3566 238 3617 haec
251 3562 393 3633 praedicat
409 3561 689 3629 Schweighaeuserus
703 3561 730 3613 in
746 3561 867 3613 Praetat.
884 3561 947 3627 1,1.
964 3578 990 3629 p.
1007 3559 1129 3612 xxxw.
1167 3561 1240 3629 „Est

166 3744 195 3811 ²⁸)
208 3746 328 3806 „Verum
342 3744 414 3793 euim
427 3741 523 3804 vero,“
538 3745 578 3791 nit
590 3741 688 3793 Struve
701 3742 815 3804 Quaesi.
828 3742 861 3791 de
874 3743 975 3793 Herod.
989 3742 1102 3794 dialect.
1115 3743 1195 3810 Speo.
1204 3744 1239 3793 II.

87 3835 118 3885 p.
139 3815 173 3864 lo
192 3812 326 3879 (Opusco.
340 3812 376 3861 ΙΙ.
390 3828 416 3876 p.
430 3810 506 3875 334),
529 3810 665 3871 „vidimus
682 3812 754 3861 viros
772 3811 879 3873 doctos,
900 3811 997 3876 quibus
1014 3812 1240 3862 conferendorum

90 3884 226 3937 codicum
239 3880 429 3946 opportunitas
442 3884 515 3939 erat,
534 3879 562 3928 in
575 3879 631 3939 his,
650 3893 718 3944 quos
736 3878 867 3929 minutias
884 3895 945 3929 1111
962 3880 1069 3944 opinati
1088 3886 1164 3941 sunt,
1183 3880 1242 3929 nul-

89 3955 154 4005 lum
174 3951 234 4000 fere
252 3949 371 3998 studium
389 3947 526 4012 posuisse3
546 3962 607 3996 raro
626 3964 658 3996 ex
677 3946 817 3996 codicibus
831 3951 895 3997 ante
907 3948 1120 4012 Wesselingium
1133 3948 1242 3998 collatis

90 4017 236 4073 eiusmodi
255 4016 419 4067 varietatem
438 4014 544 4076 afferri3
562 4014 776 4079 Weaselingium
794 4016 881 4079 ipsum
900 4015 1024 4065 confiteri
1042 4032 1072 4065 se
1085 4016 1135 4065 has
1148 4018 1242 4065 tenni·

89 4089 231 4140 nationes
243 4085 355 4150 saepius
367 4082 537 4148 neglexisse,
555 4082 625 4147 quod
638 4083 679 4132 ita
692 4098 753 4132 esse
766 4083 868 4132 iterata
881 4083 994 4133 collatio
1008 4083 1066 4133 cod.
1080 4084 1107 4133 S.
1122 4100 1138 4133 a
1152 4084 1241 4133 Gaias.

91 4155 231 4210 institute
242 4151 404 4219 planissime
417 4151 522 4211 docuit;
536 4148 825 4216 Schweighaeusorum
838 4166 923 4216 saepe
936 4153 1078 4216 conqueri,
1094 4150 1165 4216 quod
1178 4151 1243 4215 quid

91 4229 125 4277 iu
140 4222 280 4273 Parisiuis
293 4219 372 4270 codd.
387 4219 435 4281 sit,
455 4218 525 4283 quod
538 4233 592 4267 uon
604 4218 663 4282 ipsc
676 4218 764 4268 oculis
776 4218 998 4284 perlustraverit,
1017 4235 1048 4268 11
1065 4220 1174 4268 nescire
1188 4218 1243 4268 sibi

91 4291 245 4345 fatendum
258 4289 302 4338 sit.
333 4289 454 4337 Duorum
473 4287 569 4350 itaque
587 4286 711 4336 codicum
726 4291 834 4336 tautum
851 4287 933 4352 paulo
947 4287 1146 4337 accuratiorem
1159 4285 1242 4335 colla-

91 4364 208 4413 tionem
226 4357 409 4423 possidemus,
429 4355 473 4404 cui
491 4353 575 4403 fidere
587 4354 689 4419 possim
709 4355 819 4405 codices
836 4356 898 4405 dico
912 4356 938 4403 S.
953 4359 981 4405 et
992 4355 1033 4416 Γ,
1048 4370 1160 4419 quorum
1174 4353 1242 4403 alte·

92 4445 162 4482 rum
175 4425 331 4489 Gaisiord.,
351 4423 469 4472 alterum
481 4421 729 4487 Schweighaeuser
741 4424 794 4488 ipsi
809 4422 1119 4475 11111111111111111111.ιι
