2826 5132
245 392 303 451 Du
322 392 428 452 VITA
448 392 506 451 ΕΤ
525 391 717 451 SORIPTIS
738 389 971 450 HERODOTL
1115 395 1176 453 415

6 561 193 651 wanninc.
217 579 244 631 p.
268 565 316 618 169
336 563 389 615 sub
413 562 522 633 Olymp.
543 561 693 629 LXXXIII,
718 558 771 629 4*)
797 564 903 617 Athenis
923 561 1040 623 habitam
1065 566 1092 614 et
1116 561 1176 630 qui-

6 648 165 727 *⁸ng
179 647 203 699 si
218 665 283 700 vere
296 648 389 717 prodit
402 647 551 713 Eusebius,
568 664 641 699 anno
656 646 755 699 mehr.
770 665 797 699 n.
813 651 864 701 445
874 646 1014 717 s.Olymp.
1026 644 1176 711 LXXXIII,

6 738 148 811 ἣρω,
165 731 374 802 quaeScaligeri
389 732 436 803 (ad
450 733 555 786 Euseb.
568 731 587 783 l.
603 730 636 798 l.)
654 738 697 785 est
718 732 809 801 opinio
829 732 999 785 Herodotum
1019 747 1177 799 magnorum

111 816 295 871 athenaeorum
305 816 483 871 sollemnibus
494 817 626 870 recitasse
638 816 815 886 suspicantis,
830 834 903 870 anno
911 815 1176 885 Olymp.LXXXlII,

41 945 43 950 .
67 898 80 939 -'
104 902 168 972 ι446
180 918 204 953 a.
220 901 287 955 cnr.
301 919 339 969 n.,
354 918 514 973 quamquam
524 902 615 954 iudice
631 901 736 968 Heysio
748 919 775 970 p.
792 904 825 954 54
837 901 904 954 ιιίΙιίΙ
920 908 994 954 certe
1010 902 1109 967 obstat,
1122 916 1176 969 qao

114 1002 137 1039 ,s
156 987 341 1040 recitationem
353 987 606 1040 Panathenaeorum
630 986 762 1039 minorum
777 987 849 1038 sesto
871 986 1020 1056 quotannis
1046 985 1178 1038 celebrari

83 1107 84 1110 ι
121 1097 124 1110 ·
143 1070 256 1124 habitam
271 1090 334 1125 esse
345 1073 543 1126 existimemus:
560 1079 679 1140 utroque
696 1072 765 1124 enim
776 1071 804 1123 in
822 1072 894 1123 festo
911 1071 1019 1141 poetica
1033 1077 1062 1122 et
1074 1069 1179 1123 musica

75 1151 79 1158 '
122 1156 189 1207 o'an
203 1156 290 1210 locum
303 1157 432 1211 habuisse
450 1164 568 1210 constat.
591 1156 661 1208 Vide
675 1156 809 1223 Heysium
824 1156 869 1209 l.l.
891 1156 956 1219 Qua
971 1156 998 1207 in
1015 1155 1179 1208 recitatione

28 1229 102 1278 ’ὓ
121 1247 122 1250 ’
149 1259 200 1293 uon
223 1241 304 1294 ahter
321 1249 404 1312 atspue
425 1243 455 1295 in
470 1241 629 1311 Olympiaca
649 1258 707 1293 eam
721 1242 812 1311 operis
826 1248 945 1311 partem,
961 1257 1040 1311 quam
1055 1239 1177 1292 elabora-

37 1319 82 1366 *
105 1337 106 1342 ’
130 1342 192 1379 ιιιιο
207 1334 329 1396 paratam
355 1326 451 1380 habuit
472 1327 607 1396 scriptor,
630 1324 793 1395 praelectam
819 1325 922 1394 luisse,
946 1324 1041 1394 utique
1069 1325 1178 1377 videtur

35 1407 84 1450 ’ὓ
131 1435 140 1448 ι
164 1428 272 1465 neum:
295 1428 364 1481 quae
386 1419 474 1464 tamen
491 1411 576 1464 fuerit
595 1410 649 1462 ista
664 1427 743 1481 pars,
767 1429 822 1463 non
842 1411 927 1479 magis
943 1410 1029 1463 habeo
1045 1418 1120 1463 certo
1135 1408 1177 1460 di-

139 1512 197 1547 nam
207 1496 319 1566 Heyse,
335 1496 382 1566 qui
399 1502 489 1563 recte,
506 1495 618 1563 opinor,
636 1495 676 1547 sic
691 1496 805 1548 statuit:
823 1495 894 1562 „Vel
907 1495 1018 1548 maxime
1032 1501 1178 1548 consenta-

44 1595 50 1616 ι
138 1580 262 1648 ridetur,
285 1598 342 1633 eam
362 1581 531 1650 potissimum
548 1585 651 1651 partem
670 1581 720 1633 hac
731 1581 875 1633 occasione
889 1580 917 1633 in
934 1582 1019 1633 lucem
1036 1598 1098 1633 esse
1114 1596 1177 1649 pro-

48 1683 61 1688 ·’
145 1695 168 1734 2,
191 1683 263 1735 quae
286 1665 420 1718 Graeciae
438 1671 544 1718 etanta
560 1682 652 1717 omnes
667 1665 873 1717 Atheniensium
890 1666 999 1719 fortiter
1016 1670 1044 1717 el
1056 1664 1178 1732 gloriose

157 1752 296 1803 errabat:
318 1748 430 1803 Persica
450 1749 510 1802 dico
532 1748 611 1802 bella.
638 1749 763 1812 Quorum
778 1750 978 1803 enarrationem
996 1750 1020 1803 si
1037 1749 1178 1801 audivisse

146 1857 167 1882 ι;
201 1835 403 1903 Athenienses,
426 1833 507 1887 facile
531 1833 684 1902 intelliges,
710 1851 759 1887 cur
785 1852 840 1886 non
867 1835 935 1887 satis
963 1835 1017 1888 sibi
1033 1833 1179 1887 habuerint

155 1938 168 1971 s
183 1926 211 1973 et
223 1919 324 1989 plausu
341 1927 504 1989 prosecutos
521 1936 583 1971 esse
598 1925 750 1984 auctorem,
767 1918 816 1972 sed
837 1919 953 1990 insuper
975 1920 1093 1990 praemio
1117 1934 1178 1970 eum

148 2031 149 2042 ι
189 2010 209 2056 t.
237 2003 390 2058 Praemium
411 2004 481 2057 enim
504 2003 633 2056 retulisse
654 2003 823 2057 Herodotum
840 2022 931 2075 neque
952 2023 1003 2074 per
1025 2023 1057 2058 se
1076 2003 1178 2073 impro-

157 2096 195 2157 st,
211 2106 305 2159 neque
322 2104 446 2157 magnum
467 2088 554 2141 virum
577 2088 699 2158 dedecet,
714 2089 793 2141 modo
811 2107 845 2141 ne
859 2098 1018 2160 corruptum
1032 2089 1083 2143 sed
1097 2105 1177 2142 orna·

156 2191 170 2224 c
195 2174 288 2243 pretio
313 2191 373 2226 eum
387 2166 553 2245 putes“**).
585 2173 623 2226 Et
647 2173 711 2226 hinc
734 2175 852 2227 sortasse
877 2173 1010 2243 originem
1030 2175 1085 2226 ista
1105 2173 1178 2242 cepit

152 2275 194 2310 uua
212 2259 240 2311 in
264 2258 381 2310 historia
398 2258 615 2311 Atheniensibus
639 2259 718 2311 nhnis
739 2260 858 2325 favisse,
874 2259 1019 2330 Spartanis
1040 2260 1178 2312 insensum

158 2343 314 2396 lerodotum
327 2342 490 2409 clamabant,
505 2344 623 2412 partium
638 2342 697 2396 scil.
713 2344 806 2397 studio
820 2343 974 2397 abductam.
1004 2345 1084 2408 Quae
1099 2360 1178 2414 quarn

166 2429 186 2480 it
212 2427 368 2480 criminatio
390 2435 472 2499 etque
487 2426 591 2495 sutilis,
606 2429 675 2482 satis
692 2428 830 2482 docebunt
851 2429 885 2481 ed
898 2430 946 2497 VI,
963 2432 1022 2484 108.
1037 2429 1098 2496 VII,
1117 2430 1176 2481 102.

168 2512 215 2581 IX,
232 2518 268 2566 22
292 2517 400 2565 notata:
421 2529 584 2583 quamquam
606 2514 675 2565 satis
693 2513 758 2566 inde
777 2514 967 2583 cognoscitur,
989 2514 1092 2584 quanti
1112 2511 1178 2566 curt

169 2597 279 2651 Noster
305 2597 513 2651 Atheniensium
539 2615 585 2650 res
612 2596 751 2668 amplexus
781 2616 915 2669 quamque
937 2597 1071 2652 benevolo
1089 2598 1177 2650 animo

170 2701 224 2735 «em
245 2681 334 2736 tuerit
354 2683 479 2748 affectus,
496 2688 527 2735 ut
542 2682 585 2735 vel
603 2683 667 2736 inde
683 2684 754 2736 baud
770 2683 931 2736 incredibile
950 2685 1086 2752 videatur,
1104 2682 1178 2753 quod

174 2766 251 2822 tione
268 2767 385 2820 Athenis
409 2768 443 2820 ab
463 2767 605 2820 Herodoto
629 2770 703 2821 facta
723 2769 852 2822 traditum
868 2769 1036 2839 accepimus,
1056 2786 1127 2838 quae
1153 2767 1178 2819 si

173 2852 247 2906 »n'dit
263 2869 353 2918 anno,
370 2869 424 2922 quo
439 2852 534 2922 posuit
545 2852 696 2920 Eusebius,
716 2858 768 2908 445
784 2861 847 2907 ante
863 2853 930 2906 Chr.
949 2872 984 2922 n.,
1003 2852 1092 2906 omnia
1107 2853 1177 2906 bene

180 2964 182 2967 ’
206 2935 397 3005 intelligimus,
414 2937 438 2989 si
454 2936 563 3006 quidem
579 2937 749 3009 probabilius
764 2938 888 3005 videtur,
904 2938 1082 3007 Herodotum,
1100 2944 1176 2990 anta-

178 3043 188 3062 ι·
199 3022 256 3075 ιίοιι
272 3038 334 3074 cum
350 3021 555 3076 Atheniensium
571 3023 676 3077 colonis
690 3024 922 3093 proficisceretur,
939 3024 988 3076 hac
1003 3023 1064 3093 ipsa
1077 3023 1177 3076 recita·

192 3106 351 3161 niensibus
367 3125 398 3158 se
412 3105 479 3159 adeo
496 3108 695 3162 commendasse
716 3109 949 3179 conspicuumque
963 3108 1129 3174 reddidisse,
1146 3112 1178 3160 ut

180 3191 280 3248 donis
306 3190 426 3244 adscribi
441 3193 556 3245 eundem
575 3201 745 3264 paterentur.
778 3194 870 3247 Unum
889 3193 918 3246 id
932 3194 1022 3246 minus
1038 3192 1176 3261 congruit,

180 3277 181 3330 J
196 3278 292 3330 rchus
309 3276 352 3329 vel
370 3277 463 3345 potius
477 3277 588 3345 Diyllus
602 3278 773 3332 Herodotum
787 3279 879 3332 decem
895 3278 997 3331 talenta
1012 3279 1083 3330 dono
1100 3294 1177 3329 acce-

186 3362 220 3413 't
241 3379 276 3415 ex
303 3361 412 3414 decreto
435 3361 650 3431 Atheniensium,
677 3363 751 3433 quod
776 3360 888 3434 scripsit
903 3364 1027 3431 Anytus:
1052 3362 1125 3431 quod
1153 3360 1177 3413 si

213 3447 277 3517 ipsa
292 3445 416 3500 recitatio
435 3446 469 3499 ad
484 3446 566 3515 longe
586 3448 740 3515 posteriora
761 3454 884 3517 tempora
904 3447 1045 3499 reliciatur
1062 3464 1177 3502 necesse

164 3567 168 3574 -
185 3538 250 3601 post
264 3548 365 3584 annum
380 3535 431 3584 412
447 3534 516 3603 (quo
531 3548 603 3584 anno
619 3533 665 3586 vix
679 3532 709 3585 in
724 3533 796 3585 vivis
811 3532 927 3602 amplius
940 3531 1029 3584 fuisse
1044 3532 1178 3584 Nostrum

184 3616 253 3668 banc
263 3616 450 3670 recitationem
457 3619 554 3669 factam
566 3622 673 3669 statuas
682 3633 741 3669 cum
750 3616 782 3671 C.
793 3618 840 3669 Fr.
847 3617 1004 3669 Hermanno
1013 3616 1084 3687 (vid.
1094 3617 1128 3668 T.
1138 3616 1175 3668 II.

155 3613 177 3682 Q

136 3819 144 3834 ι
170 3789 252 3849 ταῦτ’
275 3791 450 3864 Ἀθηναίοις,
475 3788 528 3849 οὖν
550 3787 587 3849 ἂν
611 3795 712 3849 εἴασαν
735 3788 805 3849 οὐδὲ
832 3796 993 3864 περιεῖδον,
1018 3789 1104 3866 ἐνάτῃ
1126 3791 1177 3849 τὸν

126 3864 217 3932 »aldus
229 3866 453 3931 παρακαλοῦντα
465 3865 712 3933 Λακεδαιμονίους
725 3858 772 3917 ἐπὶ
790 3859 843 3932 τὴν
858 3861 954 3933 μάχην
972 3858 1003 3918 ἔκ
1021 3867 1072 3925 τ”ς
1084 3859 1177 3946 μα’χρς

178 3949 229 3985 νον
245 3930 297 3985 καὶ
313 3933 404 3985 ταῦτα
423 3933 591 3999 δευτεραῖον
609 3929 650 3991 εἰς
668 3926 808 4011 Σπάρτην
826 3926 855 3997 ἐξ
877 3929 1004 3999 Ἀθηνῶν
1021 3885 1070 3998 (aig
1087 3926 1175 3993 αὐτος

151 3989 324 4069 hospitor·
345 3997 373 4053 εἰ
388 3996 427 4069 μὴ
446 3996 516 4068 μετὰ
529 3994 560 4054 cd
573 4000 688 4068 νικῆσαι
705 4018 772 4061 τους
783 4001 937 4069 πολεμίους
953 3993 1098 4068 Ἀθηναῖοι
1112 4018 1176 4068 μετ-

186 4084 202 4120 ο
224 4063 292 4128 τοὺς
308 4065 488 4150 συμμάχους·
512 4060 554 4120 ὅτι
576 4065 673 4137 μέντοι
698 4064 768 4121 δέκα
790 4066 916 4121 calcator
939 4066 1051 4136 δωρεὰν
1075 4066 1176 4135 ἔλαβεν

182 4134 219 4199 ”ν,
246 4129 358 4189 Ἀνύτου
380 4155 412 4190 το
435 4131 571 4203 ψήφισμα
594 4132 771 4203 γράψαντος,
794 4131 869 4204 οἱνὴρ
891 4130 1042 4205 Ἀθηναῖος
1064 4130 1099 4189 ori
1120 4137 1177 4188 coir

189 4198 284 4271 μένων
301 4198 333 4257 ἐν
351 4200 462 4270 ἱστορίᾳ
480 4204 600 4264 Δίυλλος
619 4203 742 4271 εἴρηκεν.

154 4268 210 4323 Ubi
224 4272 296 4324 haec
313 4274 444 4340 legimus:
461 4265 614 4338 Ἡρόδοτος
633 4265 756 4341 ἐτιμήθη
774 4267 853 4341 παρὰ
866 4273 922 4324 τῶν
938 4266 1097 4340 Ἀθηναίων
1109 4272 1176 4340 βου-

169 4333 293 4459 νοιίρνορὶςι
306 4335 403 4461 “miii
419 4333 471 4400 coir
489 4338 614 4409 βίβλους.
