2826 5132
224 406 285 467 370
660 394 928 456 HERODOTI

223 573 394 662 σφετέρων
422 565 601 638 ἀποικιέων
629 564 815 655 βουλεύειν.
869 561 1120 635 ἀντιτεινόντων
1154 563 1188 631 dl
1218 559 1364 632 τούτωνιω

223 669 406 763 προθύμως
430 669 521 753 εἶξαν
544 673 579 738 ol
593 665 868 755 Πελοποννήσιοι.
898 669 953 735 rel
977 662 1065 736 οὕτω
1090 661 1130 752 δὴ
1151 671 1285 752 Σαμίους
1304 688 1330 731 τε

224 776 279 844 καὶ
298 780 401 854 Χίους
420 773 474 841 καὶ
493 777 658 858 Λεσβίους
675 771 730 838 καὶ
749 765 826 848 τούς
849 765 970 847 ἄλλους
992 764 1168 855 νησιύτας,
1190 772 1222 835 οἳ
1236 771 1332 852 ἔτυχον

223 871 522 965 συστρατευόμενοι
539 867 795 959 τοίσιἜλλησι,
820 872 852 949 ἐς
876 866 912 939 τό
931 865 1136 958 συμμαχικόν
1154 863 1333 953 ἐποιήσαντο,

224 984 314 1047 πίστι
331 1002 367 1045 τε
384 971 624 1060 καταλαβόντες
643 974 698 1041 καὶ
719 966 876 1060 ὁρκίοισι,
902 973 1058 1059 ἐμμένειν
1081 996 1115 1038 τε
1138 971 1191 1037 καὶ
1211 963 1251 1056 μὴ
1270 961 1332 1035 ἄπο

224 1075 414 1164 στήσεσθαι.
442 1073 581 1155 τούτους
606 1074 644 1143 δὲ
661 1069 902 1160 καταλαβόντες
925 1066 1066 1162 ὁρκίοισι
1091 1077 1205 1140 ἔπλεον
1224 1064 1275 1147 τὰς
1293 1092 1334 1154 με·

224 1177 335 1268 φύρας
352 1174 522 1256 λύσοντες·
547 1182 595 1245 ἔτι
612 1171 675 1265 γὰρ
694 1172 829 1243 ἐδόκεον
848 1175 1063 1262 ἐντεταμένας
1082 1166 1237 1259 εὑρήσειν.
1262 1156 1335 1237 νότοι

224 1280 286 1367 μὲν
305 1275 347 1367 δὴ
365 1273 412 1347 ἐπ’
428 1272 678 1365 Ἑλλησπόντου
696 1280 822 1345 ἔπλεον.

157 1391 218 1452 107
307 1382 382 1450 Τωυ
407 1380 444 1448 δὲ
467 1374 713 1467 ἀποφυγόντων
736 1373 917 1467 βαρβάρων
942 1379 973 1457 ἐς
996 1371 1036 1444 τό
1058 1371 1144 1464 ἄκρα
1159 1400 1195 1442 τε
1209 1375 1261 1460 της
1276 1378 1335 1441 Μυ

168 1522 170 1527 v
224 1478 325 1568 κοίλης
343 1481 626 1567 κατειληθέντων,
652 1476 775 1549 ἐόντων
797 1473 838 1547 ού
862 1480 1010 1564 πολλῶν,
1036 1479 1164 1564 ἐγίνετο
1186 1467 1293 1562 κομιδὴ
1313 1472 1336 1549 ἒς

224 1645 333 1695 dehac
356 1646 385 1694 vi
424 1642 620 1708 ruepositionis
641 1633 673 1691 ἐν
688 1640 769 1706 plura
819 1644 942 1692 socictate
963 1647 1113 1691 constanter
1134 1644 1256 1689 manarat
1275 1647 1337 1700 oeque

225 1711 316 1774 effert)
331 1716 395 1762 nnte
405 1660 666 1774 heioaovsqat'otos
684 1708 769 1761 inseri
820 1710 971 1772 deficerent,
986 1708 1023 1759 cl.
1038 1709 1092 1767 ΙΙΙ,
1106 1708 1139 1757 tl
1151 1707 1240 1772 ibique
1251 1708 1308 1754 nott
1317 1705 1338 1750 et

223 1778 312 1829 voluit
324 1771 369 1837 ἒν,
382 1794 469 1829 coram
478 1778 685 1842 Peloponnesiis:
698 1775 769 1841 quod
821 1776 869 1838 lli,
881 1775 924 1826 ut.
958 1776 1003 1826 Sic
1016 1775 1192 1840 Thucydides
1205 1785 1297 1846 quoqne
1307 1769 1336 1817 di·

226 1863 242 1896 n
254 1846 310 1897 loci
321 1861 403 1897 sensu
416 1846 536 1895 alienum
553 1844 659 1894 iudicet
672 1858 770 1894 censer
819 1844 862 1893 xit
872 1833 968 1906 ὅρκοις
984 1835 1217 1908 καταλαμβάνειν
1232 1854 1289 1890 τινα
1303 1839 1337 1897 iis·

224 1915 379 1980 Lipsiensis
396 1929 459 1978 pag.
476 1911 522 1973 50,
546 1912 570 1960 si
588 1911 697 1977 quidem
714 1926 768 1961 non
819 1911 890 1960 rthia
916 1912 1032 1961 ιὐταπιίίι
1059 1911 1220 1975 obstriaqere
1244 1902 1337 1972 olipa)

223 1981 252 2031 id
265 1982 414 2047 agebatur,
432 1986 462 2030 ut
479 1996 514 2029 ne
528 1995 620 2029 coram
632 1978 768 2045 Pelopon·
819 1977 872 2039 IV,
885 1978 919 2027 86
931 1979 1005 2033 init.
1023 1978 1072 2028 ubi
1086 1977 1167 2044 pluro
1178 1978 1212 2027 de
1223 1976 1271 2025 hcc
1282 1974 1337 2021 locr-

223 2050 309 2098 nesiis
327 2048 361 2097 de
378 2047 422 2097 his
438 2047 653 2107 deliberaretur,
672 2046 721 2095 sed
737 2051 768 2095 ut
819 2047 894 2095 tione
906 2046 988 2096 effert
995 2043 1337 2096 Blomfield—lioxinon·

224 2132 258 2166 ne
282 2114 479 2180 Peloponnesii
501 2117 607 2179 purtem
632 2112 769 2162 heberent
819 2112 900 2162 nibus
913 2113 993 2163 libris
1004 2115 1119 2179 scriptis
1134 2117 1163 2163 et
1175 2111 1234 2162 edd.
1246 2106 1337 2161 veturus

224 2182 432 2233 deliberationis
449 2181 483 2230 de
495 2180 703 2230 Atheniensium
723 2196 768 2230 eo·
820 2185 912 2230 exstet
934 2173 1081 2246 ἐμμένειν,
1106 2182 1186 2231 cuins
1202 2179 1261 2228 loco
1276 2167 1337 2240 ipis·

223 2249 315 2300 leniis.
345 2250 442 2315 Itaque
460 2248 495 2298 ed
510 2244 767 2312 Πελοποννησίοισι
819 2251 882 2299 νεῖν
891 2247 1192 2310 dederetSeheeierue‚
1200 2248 1256 2313 ipse
1264 2248 1340 2311 postet

223 2317 297 2367 haud
318 2318 377 2369 scie
399 2332 434 2367 en
455 2316 578 2367 licente
614 2315 768 2380 reegressis
819 2314 1040 2366 emendationem
1056 2316 1134 2366 hand
1150 2330 1218 2366 sene
1236 2324 1339 2363 necesss-

224 2390 348 2451 repetere
362 2382 462 2434 dontio
475 2383 520 2433 vel
533 2331 623 2433 simiis
637 2382 702 2448 quid
714 2382 766 2432 hoc
818 2384 887 2432 rium
900 2387 1055 2434 retrectans
1069 2383 1105 2433 nd
1117 2374 1253 2433 Theocrit
1263 2379 1298 2441 tr,
1307 2374 1339 2425 ott.

224 2453 282 2503 sere
304 2468 400 2502 sensu:
426 2467 507 2517 aeque
529 2452 768 2516 Peloponnesiorum
818 2450 1050 2500 Retinnittemen
1061 2440 1340 2516 Bekkeruslppestt'r»

222 2522 305 2570 uideri
320 2536 376 2571 esse
393 2535 415 2570 s.
426 2521 618 2584 Peloponnesiis
634 2519 767 2568 conuenire
818 2517 888 2635 quod
907 2524 981 2569 certe
999 2516 1068 2582 (vid.
1080 2518 1201 2569 Bredov.
1219 2534 1243 2583 p.
1256 2513 1341 2576 illssiiss

223 2587 429 2638 deliberationem
441 2589 474 2636 de
486 2590 597 2651 ipsorum
607 2588 724 2643 coloniis,
736 2590 769 2635 ut
833 2579 968 2649 μμενίειν
980 2587 1081 2636 mutari
1094 2587 1230 2651 oportuit,
1247 2588 1275 2632 ut
1285 2581 1342 2629 lece·

223 2655 295 2705 huec
308 2656 366 2705 lere
381 2656 497 2704 exsistet
509 2654 664 2703 sententis:
687 2653 766 2703 Arte·
818 2656 881 2702 runt
892 2651 1021 2703 Dindort‘.
1036 2659 1064 2703 et
1075 2653 1204 2704 Dietseh.
1232 2647 1343 2715 Equidem

223 2722 350 2772 aiensibus
367 2738 417 2772 non
433 2721 566 2771 videbator
582 2722 768 2772 concedendum
819 2710 953 2784 ἐμμένειν
965 2720 1140 2771 retinendum
1153 2720 1226 2781 duxi,
1239 2726 1267 2768 ut
1277 2726 1343 2780 suprt

224 2805 280 2838 esee
294 2790 497 2853 Peloponnesiis,
510 2795 537 2837 nt
549 2790 581 2837 rte
592 2791 645 2837 cuis
656 2790 767 2851 ipsorum
818 2787 864 2845 IV,
874 2785 921 2837 1⁴7
929 2788 987 2849 (ubi
997 2787 1053 2839 vid.
1060 2790 1145 2850 nott.)
1152 2782 1255 2854 μένειν,
1267 2796 1343 2834 sessu

225 2858 255 2919 (i.
265 2872 289 2905 e.
300 2852 521 2918 Atheniensium)
533 2857 629 2905 colonis
641 2856 767 2905 delibera·
818 2855 952 2906 tientihus
964 2855 1111 2906 Kuehnero
1126 2857 1156 2906 in
1170 2856 1215 2907 Gr.
1227 2854 1269 2904 Gr.
1281 2848 1344 2914 §.iii

223 2930 289 2972 reat,
324 2923 367 2972 De
390 2923 476 2973 verbo
501 2923 594 2972 notive
617 2919 768 2987 βουλεύειν
818 2927 884 2983 not,
903 2923 1019 2988 Apetzie
1034 2918 1343 2990 ndEuripidAEhoenin

224 2989 442 3051 (deliberationem
461 2988 555 3039 habere
575 2991 607 3039 de
625 2991 765 3054 aliquare,
820 2987 893 3040 1256.
911 3006 976 3056 png.
993 2989 1057 3053 ⁰201,
1081 2990 1214 3055 Stringis
1234 2990 1272 3039 in:
1293 2986 1344 3035 Sce-

224 3056 368 3106 delibcrare
379 3059 510 3106 secumoel
520 3072 573 3105 cum
585 3055 652 3114 alite)
663 3056 767 3107 monuit
818 3056 879 3107 bod.
899 3064 928 3108 et
944 3058 1022 3109 lehn.
1041 3058 1156 3109 Annali.
1175 3057 1264 3124 Suppl.
1281 3052 1344 3109 lhi-

223 3124 340 3173 Bredcv.
352 3140 378 3189 p.
391 3124 424 3172 ‘24
437 3122 571 3173 Herodoti
588 3123 681 3189 plures
699 3125 766 3175 effe·
818 3141 844 3189 p.
857 3124 908 3175 ‘tat
925 3131 955 3175 et
966 3125 1151 3178 Stellbsumic
1169 3125 1205 3177 ud
1218 3124 1285 3175 Plst
1298 3118 1343 3170 uri-

224 3206 287 3241 rens
304 3190 406 3266 locos..
422 3191 453 3240 In
470 3190 563 3241 verbis
574 3191 705 3256 ,proxime
723 3207 765 3242 se·
817 3197 874 3242 tou.
888 3208 950 3258 esp.
962 3192 1002 3244 ll.
1016 3210 1042 3259 p.
1052 3193 1086 3244 52
1096 3193 1128 3256 C,
1143 3195 1192 3259 qni
1204 3193 1271 3243 bene
1280 3202 1345 3257 pree

224 3259 371 3324 quentibus
385 3251 603 3309 αντιτεινόντων
615 3250 648 3308 δὲ
660 3255 768 3309 τούτων
818 3260 904 3310 sentis
913 3259 1079 3311 infinitivum
1088 3261 1262 3312 tueturhune
1271 3260 1296 3308 in
1304 3270 1346 3305 no-

223 3318 769 3390 (lu'eceroobnitentibuslrov'rnredhthe-
817 3327 893 3377 dum:
912 3343 1000 3390 „num
1018 3327 1089 3393 quod
1106 3328 1183 3395 spud
1199 3326 1344 3378 Herodotus

224 3395 335 3445 nienses
347 3399 490 3473 spectaro²
506 3394 554 3444 vix
566 3409 634 3459 opus
645 3410 764 3445 monere.
818 3394 927 3445 additur
948 3392 1000 3447 καλ
1021 3388 1061 3461 μὴ
1078 3388 1305 3463 α’ττοστήσεσθνε,
1324 3386 1347 3438 id

253 3453 766 3529 ίςτὸαυμμαχινονέποιήσαντο]ἰ.ε.
818 3462 902 3512 facile
936 3463 1059 3529 intelligi
1090 3470 1186 3529 potest
1220 3478 1271 3513 non
1297 3471 1345 3509 een

222 3532 380 3579 tritemorian
389 3537 683 3594 nuorennorecepernnt.
703 3531 767 3580 Per·
816 3531 873 3579 vim
901 3530 1020 3597 habere,
1055 3536 1085 3580 ut
1114 3532 1204 3582 etiem
1231 3521 1346 3595 ἐμμενεῖν

221 3597 312 3646 tinent
322 3597 376 3646 huc
385 3597 555 3661 Thucydidis
566 3597 653 3648 verbe
663 3597 712 3656 ΙΙΙ,
725 3596 766 3661 10,
817 3588 985 3664 [ἐμμενέειν]
1008 3598 1187 3649 scribendum
1203 3598 1346 3648 iudicemus

222 3665 270 3712 ubi
288 3663 451 3727 Mytilenaei
468 3665 633 3715 mentionem
658 3665 766 3715 iaciunt
816 3665 925 3732 Quippe
948 3681 1046 3718 sensns
1071 3667 1219 3718 verborum
1242 3666 1283 3715 hic
1302 3664 1346 3711 est:

222 3731 343 3781 foederis
365 3731 430 3781 olim
452 3732 524 3782 inter
542 3732 619 3798 ipsos
637 3736 666 3782 et
680 3732 764 3782 Athe·
817 3736 1013 3797 „confirmantes
1036 3750 1064 3785 se
1089 3741 1116 3783 et
1142 3751 1210 3785 runc
1229 3727 1347 3798 prom'sst't

222 3798 334 3849 aienses
358 3799 420 3848 initi
447 3814 531 3864 seque
561 3800 651 3849 socios
674 3800 765 3851 inctos
815 3807 887 3852 stare
903 3806 978 3860 velle,
996 3819 1042 3853 nec
1058 3819 1167 3868 rorqnnm
1183 3804 1348 3867 portante*
1400 3846 1401 3875 ,

223 3881 283 3915 esse
306 3867 411 3915 addunt
426 3882 481 3916 non
497 3866 711 3918 Atheniensibus
730 3867 765 3917 nd
801 3884 880 3933 pore
895 3871 940 3919 illo
955 3875 1094 3920 violaturos
1107 3870 1197 3921 esse.“
1216 3897 1247 3906 -
1268 3866 1304 3917 hd
1319 3861 1347 3911 τί·

223 3933 344 3984 Graecos
355 3933 529 3999 subigendos,
543 3935 591 3983 scd
602 3934 717 3985 Graecis
730 3935 765 3985 nd
816 3936 1022 4002 guiflcetionem
1039 3938 1116 3987 verbi
1135 3928 1270 4003 ἐμμένειν
1285 3929 1347 3983 cons·

221 4000 380 4050 liberandos
394 4016 440 4051 cos
452 4018 469 4051 s
481 4001 705 4065 regsMedorum.
723 4003 765 4053 Ad
816 4003 882 4065 VII,
903 4004 959 4054 151.
977 4032 1010 4040 „
1033 4005 1075 4054 Ad
1096 3996 1284 4070 ἐντεταμένας
1302 3997 1347 4052 sid

221 4067 388 4118 locutionem
406 4061 434 4127 ἐς
451 4060 482 4120 τό
495 4082 550 4133 cop
573 4060 674 4133 αχινόν
689 4070 763 4120 conf.
815 4071 890 4134 VIII,
905 4071 952 4121 lli
964 4073 1058 4137 ibique
1070 4077 1139 4123 nott
1153 4074 1203 4131 lx,
1218 4071 1273 4121 114.

222 4135 337 4186 eundem
349 4135 536 4200 Thucydidem
549 4084 627 4193 (3111,
639 4135 656 4184 9
671 4137 764 4203 ibique

222 4203 310 4254 allate
333 4220 349 4253 n
366 4203 486 4253 Duhoro.
521 4203 563 4253 Ad
580 4204 666 4254 verbo
687 4220 763 4270 seqq.
1001 4240 1022 4291 c
1090 4240 1166 4291 (ΝΠ

220 4270 298 4322 πίστι
311 4286 340 4321 τε
353 4263 562 4337 καταλαβόντες
571 4267 621 4320 καὶ
630 4263 763 4337 ὁρκίοισι,
1024 4256 1069 4290 ff·
1166 4277 1174 4290 ‘

220 4341 238 4391 i.
254 4356 277 4390 e.
286 4341 340 4405 fide
351 4345 377 4389 et
387 4342 526 4389 iuramento
538 4339 686 4401 obstrictos,
699 4347 726 4389 ut
739 4344 763 4389 io
848 4337 1088 4408 κατειληθέντων]
1102 4342 1164 4392 Vid.
1179 4342 1228 4407 vt,
1243 4338 1296 4392 133·
1307 4333 1347 4395 IX·
