2900 5122
380 415 644 478 CALLIOPE.
668 415 726 473 IX.
749 424 793 477 76.
813 422 859 477 71.

1133 406 1191 480 331

78 583 208 676 θυγάτηρ
225 588 262 657 δὲ
274 584 498 678 Ἡγητορίδεω
515 591 575 657 τοῦ
594 582 806 675 Ἀνταγόρεω.
833 593 892 675 βίη
912 587 953 655 δέ
965 610 1007 675 με
1025 574 1139 674 λαβὸν
1158 580 1210 657 έν

77 691 127 777 Κῷ
140 682 234 776 είχεό
252 692 391 778 Πέρσης.
407 686 443 761 ‘0
462 691 499 760 δὲ
516 686 688 779 ἀμείβεται
705 693 831 757 τοῖσδε·
850 686 969 773 Γύναι,
987 686 1119 777 θάρσει,
1138 691 1194 759 καὶ

78 782 237 877 όςίκέτις,
267 793 322 860 καὶ
347 799 379 861 εί
401 790 443 880 δὴ
466 788 548 882 πρός
571 788 680 883 τούτῳ
702 787 877 877 τυγχάνεις
899 784 1027 877 άληθέα
1045 790 1194 883 λέγουσα

77 891 120 958 καί
137 888 178 970 εἶς
193 889 345 980 θυγάτηρ
359 889 581 982 Ἡγητορίδεω
599 896 660 961 τοῦ
676 888 793 984 Κηίου,
819 885 855 970 ὃς
878 893 949 980 ἐμοὶ
972 894 1076 973 ξεῖνος
1093 889 1193 981 μάλι-

76 1010 124 1059 στα
137 990 285 1081 τυγχάνει
304 992 368 1065 taio
385 999 453 1065 τεάν
475 995 552 1084 περὶ
576 997 725 1074 ἐκείνους
747 988 824 1072 τούς
846 992 974 1083 χοίρους
997 995 1192 1081 οἰκημένων.

80 1093 171 1161 Ταῦτα
192 1104 286 1176 είπας
309 1094 382 1165 τότε
405 1097 467 1186 μὲν
492 1098 650 1184 ἐπέτρεψε
671 1098 740 1165 των
763 1093 895 1183 ἐφόρων
917 1111 1001 1164 τοῖσι
1020 1098 1192 1182 παρεοῦσι,

75 1189 193 1281 ὕστερον
216 1195 253 1265 δέ
276 1192 449 1287 ἀπέπεμψε
474 1202 506 1278 ἐς
525 1208 685 1286 Αἴγιναν,
709 1199 742 1276 ές
764 1192 826 1284 τὴν
849 1190 933 1283 αὕτη
957 1191 1060 1284 ἤθελε
1081 1191 1193 1266 άπικέ-

74 1305 146 1364 σθω.
189 1295 287 1367 Messi
311 1299 349 1368 δὲ
365 1297 427 1387 την
449 1296 562 1383 ἄπιξιν
583 1303 641 1387 τῆς
662 1294 820 1386 γυναικός
844 1293 964 1367 αὐτίκα
985 1294 1067 1386 μετὰ
1087 1303 1239 1367 ταῦτα77

74 1390 208 1466 termo
221 1402 409 1481 Μαντινέες
428 1396 475 1471 ἐπ’
496 1402 769 1490 ἐξεργασμένοισι·
787 1396 955 1488 μαθόντες
970 1399 1017 1484 δὲ,
1037 1395 1087 1468 ότι
1098 1395 1192 1468 ὕστε-

73 1525 114 1583 ροι
127 1493 237 1586 ἥκουσι
255 1504 314 1588 τῆς
331 1505 515 1592 συμβολῆς,
540 1498 718 1591 συμφορὴν
737 1503 908 1571 ἐποιεῦντο
925 1496 1088 1590 μεγάλην,
1108 1497 1196 1584 ἄξιοί

73 1625 100 1665 τε
118 1605 237 1686 ἔφασαν
263 1602 349 1673 είναι
372 1608 475 1692 σφέας
498 1606 664 1692 ζημιῶσαι.
697 1600 947 1690 πυνθανόμενοι
967 1601 1004 1670 δὲ
1021 1599 1098 1683 τοός
1117 1600 1192 1690 Μή-

73 1704 136 1781 έους
150 1699 223 1783 τούς
240 1701 325 1793 μετά
339 1701 538 1794 Ἀρταβάζου
556 1702 760 1793 φεύγοντας,
784 1701 922 1783 τούτους
941 1706 1081 1772 ἐδίωκον
1098 1706 1192 1793 μέχρι

72 1809 250 1892 Θεσσαλίης·
287 1805 544 1896 Λακεδαιμόνιοι
578 1806 616 1875 δὲ
647 1802 709 1875 οὐκ
741 1811 806 1874 ἔων
832 1802 1019 1894 φεύγοντας
1048 1802 1190 1875 διώκειν.

70 1907 97 1978 oi
109 1904 141 1973 dt
156 1898 431 1997 άναχωρήσαντες
450 1912 482 1989 ές
499 1905 561 1997 τὴν
585 1909 720 1977 έωντῶν
742 1902 820 1987 τούς
837 1901 1002 1995 ἡγεμόνας
1018 1909 1077 1994 τῆς
1095 1926 1190 1996 στρα-

69 2006 126 2091 τιῆς
147 2009 287 2092 ἐδίωξαν
309 2012 346 2078 ἐκ
368 2013 426 2097 τῆς
449 2013 518 2098 γῆς.
556 2005 652 2079 Μετά
681 2009 717 2077 dd
742 2009 934 2088 Μαντινέας
958 1996 1040 2096 ἧκον
1060 2002 1190 2078 Ἠλεῖοι.

69 2108 113 2175 καὶ
135 2103 289 2192 όσαότως
315 2116 351 2180 οί
370 2107 490 2181 Ἠλεῖοι
514 2127 599 2181 τοῖσι
622 2112 832 2181 Μαντινεῦσι
856 2106 1033 2198 συμφορὴν
1057 2108 1192 2199 ποιησά-

68 2275 205 2325 τωττίίοε.“
239 2276 267 2327 V
270 2276 391 2327 eichen.
409 2278 499 2328 citans
516 2277 592 2335 vm,
646 2277 683 2325 ris
696 2275 855 2326 securitatis
868 2289 954 2325 eausa
965 2275 1039 2326 hanc
1051 2276 1192 2326 mulierem

70 2337 118 2400 141,
134 2342 178 2393 ubi
193 2345 252 2395 rid.
271 2349 337 2394 nott
357 2370 387 2378 -
410 2346 443 2394 In
466 2360 541 2411 seqq.
559 2344 594 2395 ad
646 2348 776 2408 tanquam
800 2342 921 2407 praedae
946 2346 1053 2408 partem
1078 2344 1192 2394 tradidit

69 2410 213 2521 &amiculam
227 2405 264 2462 δὲ
273 2414 402 2462 iteratam
412 2412 485 2463 conf.
496 2412 594 2462 Matth.
646 2427 707 2470 rex,
726 2410 754 2459 id
767 2425 873 2475 quoque
886 2412 1054 2475 respiciens,
1072 2417 1102 2461 ut
1119 2413 1192 2461 omni

88 2476 245 2539 edessio.
262 2473 339 2544 ἔχειν
350 2479 426 2530 valet
437 2482 528 2530 axoris
539 2485 594 2531 loeo
645 2478 803 2543 suspicions
833 2480 893 2544 ipse
921 2478 992 2528 liber
1021 2483 1103 2528 esset.
1149 2480 1191 2529 De

68 2542 155 2606 tatere,
167 2553 197 2601 ut
208 2548 262 2608 111,
274 2546 320 2607 31,
335 2547 383 2597 uhi
395 2548 450 2598 vid.
464 2552 533 2597 nott.
550 2549 594 2598 De
645 2546 762 2613 Ephoris
776 2561 923 2610 eorumque
935 2549 1074 2612 potestate
1087 2546 1143 2596 dixi
1157 2547 1192 2596 sd

70 2609 101 2659 οο
109 2612 157 2662 rid.
168 2616 194 2676 1,
210 2614 261 2665 144
274 2615 367 2680 ibique
381 2619 448 2665 nott.

94 2670 140 2744 τίς]
155 2682 198 2732 lta
213 2683 280 2733 dedi
293 2689 404 2733 secutus
416 2682 595 2733 Schaeferum

69 2744 186 2813 aliosque,
199 2751 249 2801 ubi
264 2749 543 2816 Schweighaeuserus
556 2756 596 2801 at·

69 2826 110 2876 que
124 2815 259 2868 Gaisford.
278 2811 471 2880 deseruerat,
496 2820 595 2884 impro-

68 2880 136 2932 bante
148 2900 264 2935 censore
276 2883 502 2955 Lipsieneitlsaa.
515 2903 541 2950 p.
553 2886 595 2936 40.

68 2946 101 2997 'Ia
110 2952 159 3001 rid.
172 2953 290 3003 Bredov.
304 2970 331 3018 p.
344 2951 394 3002 403
407 2960 474 3018 σεεμ,
490 2956 535 3019 qui
547 2956 596 3004 At·

68 3014 136 3067 ticam
152 3014 180 3069 εἷ
193 3020 229 3071 ah
247 3014 386 3071 Herodoti
404 3036 527 3071 somnone
547 3022 596 3071 ab-

68 3094 116 3134 esse
126 3089 190 3137 satis
200 3088 307 3139 docuit.
325 3089 378 3138 Pro
389 3082 451 3138 τότε
462 3082 515 3151 μὲν
525 3089 596 3138 Bek-

67 3146 134 3203 kuus
145 3158 269 3219 qaaerit:
289 3172 345 3217 „an
357 3149 410 3219 μέν
422 3157 509 3219 μινθ*

20 3270 21 3279 χ
92 3212 146 3272 τότε
166 3217 220 3288 μὲν
242 3214 383 3285 ἐπέτρεψε
404 3221 461 3273 τῶν
483 3216 596 3289 ἐφόρων

20 3296 22 3299 ’
68 3288 127 3337 misr
135 3288 285 3355 napserim]
299 3290 420 3355 Ephoros
432 3306 514 3357 supra
527 3292 595 3341 vidi-

20 3410 22 3425 i
69 3367 114 3403 uus
128 3358 187 3417 (IX,
205 3358 223 3407 9
240 3360 330 3423 seqq.)
349 3358 515 3409 Pausaniam
535 3375 596 3409 eum

67 3419 244 3484 demissorum
265 3427 353 3491 copiis
376 3442 408 3476 ex
430 3427 496 3476 urbe
515 3428 595 3492 Spar-

20 3532 21 3541 2
68 3493 121 3539 tans
131 3494 270 3544 emisisset
284 3509 316 3544 ex
326 3493 379 3543 hoc
392 3493 453 3543 loeo
463 3495 534 3545 satis
547 3510 595 3561 pa·

20 3576 22 3629 3
67 3558 108 3615 tet,
130 3561 275 3613 nonnullos
292 3561 409 3626 ephoros
426 3562 594 3612 Pausaniam

20 3682 21 3689 χ
66 3622 190 3678 inbellem
202 3629 361 3695 profestum
375 3629 520 3693 eomitqtos
533 3646 594 3680 ease

67 3689 131 3756 eique
152 3697 180 3745 in
201 3701 265 3762 ipso
287 3695 361 3746 bello
379 3697 534 3747 adstitisse:
562 3714 594 3747 ac

66 3758 296 3829 trsdItXenophon
308 3763 336 3813 in
346 3763 458 3814 Hellen.
470 3767 511 3824 11,
522 3766 553 3828 4,
563 3764 596 3815 30

66 3825 127 3884 (att
136 3830 204 3896 Bep.
219 3832 326 3882 Laced.
339 3831 418 3891 XIII,
438 3832 479 3893 5):
501 3824 594 3896 ὥσπερ

20 3948 22 3951 ,
95 3897 261 3973 ηνομίζεται
281 3891 333 3961 ξὺν
351 3893 596 3963 sacercerdotem

21 3986 22 3999 ¹
183 3962 442 4031 ξυστρατεύεσθαι,
467 3969 537 4033 quod
556 3973 595 4019 te·

20 4044 22 4087 i
65 4028 596 4085 'fimeniamunaoamaliisaffertfflia

20 4100 22 4133 ¹
66 4084 204 4151 hun:
223 4102 337 4153 Grieeh.
350 4101 555 4153 Staatsalterth.
571 4105 594 4164 ξ.

64 4160 160 4228 hat
172 4167 213 4221 14.
231 4168 270 4219 Id.
300 4171 352 4219 His
369 4169 455 4233 igitur
467 4171 593 4236 Ephoris,

64 4230 104 4295 β
125 4236 238 4302 regibus
266 4237 334 4289 belii
357 4237 473 4288 ducibus
498 4239 593 4303 additi,

65 4301 160 4365 mis,
178 4316 254 4369 qaae
266 4309 382 4369 agerent
398 4320 491 4370 reges,
510 4307 594 4370 inspi-

65 4374 118 4419 Μ
128 4376 211 4437 atque
229 4384 326 4423 curare
341 4371 492 4437 debebant,
510 4374 595 4425 maio-

645 2612 903 2677 mmmmm

808 2782 874 2833 Car.
894 2782 1031 2834 LXXVII.

681 2876 728 2935 ἐπ’
746 2875 986 2949 ἐξεργασμένοισι]
1007 2886 1025 2934 ἰ.
1044 2902 1067 2937 e.
1085 2902 1114 2935 re
1130 2903 1192 2951 per-

647 2960 714 3003 aeta.
733 2952 795 3002 Vid.
805 2953 904 3002 Matth.
913 2952 958 3002 Gr.
966 2952 1012 3002 Gr.
1023 2954 1046 3014 ἕ,
1058 2953 1074 3003 5
1084 2959 1112 3003 et
1120 2959 1191 3004 nott.

648 3020 682 3070 ad
694 3020 796 3070 Herod.
808 3020 860 3081 IV,
877 3018 932 3070 104.
967 3021 1008 3070 Ad
1024 3021 1190 3072 locutionem

648 3080 800 3153 συμφορήν
812 3088 962 3139 ποιεῖσθαι
980 3089 1035 3138 vid.
1050 3090 1085 3151 V,
1105 3090 1121 3138 5
1139 3090 1190 3139 ibi-

648 3173 699 3222 que
712 3161 780 3205 nott.
793 3155 869 3213 vul,
885 3155 940 3206 100.

681 3213 763 3295 ἄξιοί
771 3237 802 3274 τε
815 3250 845 3259 -·
860 3221 1006 3289 ζημιῶσαι]
1031 3225 1048 3273 i.
1063 3240 1086 3274 e.
1102 3227 1192 3289 clipeos

645 3308 674 3342 se
686 3307 757 3355 esse,
770 3294 814 3357 qui
822 3296 987 3355 penetrentur,
1001 3292 1114 3353 confessi
1124 3300 1191 3344 sunt.

647 3361 709 3410 Vid.
719 3358 817 3409 Matth.
829 3359 875 3409 Gr.
887 3358 932 3408 Gr.
943 3361 967 3420 ἕ.
978 3358 1036 3415 535,
1050 3359 1076 3407 h.
1095 3358 1190 3409 Simile

646 3428 721 3478 Livii
739 3426 842 3476 dietum
860 3427 947 3483 XXX,
967 3424 1002 3477 30
1018 3426 1113 3476 attulit
1126 3427 1190 3476 Val-

648 3495 727 3545 cken.
741 3494 817 3543 —In
831 3509 905 3558 seqq.
920 3494 1053 3543 Medorum
1066 3494 1191 3559 appella·

646 3564 719 3612 tione
747 3561 847 3611 latiore
869 3562 969 3611 Noster
994 3576 1059 3611 usus
1082 3562 1191 3613 videtur

646 3629 821 3679 Choruanios
834 3634 862 3677 et.
875 3628 991 3678 Parthos
1005 3629 1189 3691 intellexisse3

645 3713 708 3747 nam
726 3712 808 3759 supra
820 3696 884 3756 Vll,
903 3695 937 3745 00
954 3697 1106 3748 Artabazus
1125 3714 1190 3762 qua·

646 3765 776 3829 draginta
797 3763 873 3813 mille
893 3764 1060 3815 Chorasmiis
1078 3771 1106 3816 et
1124 3767 1190 3816 Per-

646 3832 702 3882 this
713 3832 868 3898 praefuisse
880 3840 1016 3882 narratur.

679 3894 798 3957 τούτους
811 3891 941 3963 ἐδίωκον]
961 3901 1062 3951 Latine
1076 3902 1190 3951 redden·

647 3968 724 4017 durus
739 3969 862 4032 persequi
875 3967 1011 4031 cupiebant
1026 3984 1048 4019 s.
1066 3969 1190 4027 sotebant,

648 4036 682 4085 oh
700 4035 855 4100 imperfecti
878 4038 1009 4100 temporis
1025 4041 1190 4101 potestatem

649 4118 722 4164 eam,
737 4103 770 4153 de
784 4117 837 4167 qua
849 4103 886 4152 ei.
899 4108 968 4152 nott.
988 4105 1058 4162 adl,
1072 4103 1113 4154 08.
1144 4103 1190 4153 Sie

646 4176 722 4220 reete
746 4170 943 4235 interpretatus
971 4176 1014 4221 est
1037 4171 1130 4236 Poppo
1156 4172 1190 4220 ad

646 4238 799 4300 Thucydid.
818 4238 867 4296 lv,
885 4238 918 4315 {a
936 4238 979 4357 qP.
995 4239 1045 4288 III.
1063 4240 1124 4288 Vol.
1137 4239 1188 4287 III.

646 4303 762 4371 pure).
798 4305 840 4354 Ad
862 4321 914 4355 ουκ
952 4322 992 4355 ων
1013 4306 1085 4356 conf.
1108 4318 1190 4370 supra

646 4375 699 4436 IX,
713 4374 738 4423 2.
751 4374 788 4436 V,
803 4371 836 4423 30
849 4374 941 4438 ibique
956 4379 1024 4424 nott.
1053 4372 1190 4423 Diodorus
