2952 5156
509 327 713 389 URANIA.
735 331 825 390 VIII.
846 338 890 393 77.

282 491 396 555 πόντον
407 494 544 573 φοινίξει.
573 484 634 556 τότ’
651 489 814 583 ἐλεύθερον
826 488 963 571 Ἑλλάδος
977 481 1057 579 ἦμαρ

281 588 415 676 εὐρύοπα
429 596 577 675 Κρονίδης
591 590 694 677 ίττιὶγει
709 595 760 657 καὶ
776 591 884 687 τρόπαια
899 601 990 678 Νίκη.

124 696 174 781 Ἐς
190 703 330 775 τοιαῦτα
345 702 409 791 μὲν
427 704 483 772 καὶ
499 698 587 772 οὗτοι
606 705 769 793 ἐναργέως
787 707 916 792 λέγοντι
926 703 1063 795 Βάκιδι,
1081 703 1270 797 ἀντιλογίης

125 805 286 891 χρησμῶν
303 805 377 891 πέρι
395 801 474 874 οὔτε
491 799 590 885 αὐτὸς
607 806 718 893 λέγειν
734 807 877 895 τολμέω,
896 803 974 878 οὔτε
991 804 1071 900 παρ’
1089 805 1200 882 ἄλλων
1219 814 1269 883 ἐν·

127 906 275 994 simper.

124 1118 256 1171 magnum
268 1104 355 1154 animi
371 1103 492 1154 studium
503 1104 670 1155 concitatus·
722 1095 934 1170 αἰιελέσθαι,
949 1123 1010 1158 oum
1020 1110 1061 1159 sio
1071 1110 1211 1161 exoriatur
1223 1128 1265 1175 ea,

124 1186 175 1236 que
188 1171 354 1236 exprimitur
367 1170 562 1234 animus(valde
574 1172 669 1236 eripio),
722 1188 792 1238 quae
805 1174 968 1238 requiratur,
982 1178 1133 1228 sententia:
1152 1177 1268 1240 ‚,divina

123 1240 286 1303 frequentat
302 1240 413 1289 Homer.
431 1232 475 1288 Ill.
487 1239 524 1303 V,
537 1237 597 1289 861.
609 1238 668 1290 670.
720 1241 829 1290 iustitia
842 1247 999 1307 compescet
1010 1244 1185 1309 imperiosam
1195 1247 1267 1297 inso-

122 1307 199 1369 1111,
214 1305 259 1356 78.
272 1306 322 1356 XV
343 1306 403 1356 542.
416 1306 474 1356 742.
721 1308 849 1369 lentiam,
868 1311 1014 1375 superbiae
1033 1310 1131 1375 filiam,
1153 1314 1266 1365 immani

156 1362 294 1425 δοκεῦντ’
315 1345 373 1423 cirri
397 1370 493 1424 πάντα
515 1371 667 1441 τίθεσθαι]
719 1375 882 1441 flagrantem
896 1377 1062 1441 eupiditate,
1080 1385 1113 1430 nt
1129 1396 1200 1444 quae
1216 1392 1265 1447 pu-

121 1442 165 1491 lta
194 1458 211 1491 e
241 1440 405 1493 Florentino
434 1446 462 1491 et
486 1441 670 1507 probabiliter
720 1446 768 1506 tet,
782 1458 812 1493 se
825 1444 918 1494 omnia
930 1444 965 1494 ad
978 1460 1008 1495 se
1019 1452 1160 1511 rapturam
1173 1449 1264 1498 esse.“

122 1509 205 1559 etiam
232 1525 267 1558 ex
291 1506 433 1559 Sauorofti
460 1508 531 1560 libro
558 1511 670 1575 reposui
721 1510 781 1571 Quo
804 1510 850 1562 vel
873 1511 1075 1578 signifioantius
1098 1513 1127 1565 id
1146 1515 1264 1581 videtur,

122 1591 182 1626 eum
200 1576 294 1627 Gaisf.
313 1581 341 1627 et
358 1576 528 1653 §chweigh.,
551 1578 597 1642 qni
616 1578 669 1629 hoo
720 1576 793 1643 quod
826 1577 1105 1659 Schweighaeuserus
1143 1585 1266 1647 reposuit

122 1643 176 1694 dici
188 1650 274 1710 putat
290 1660 340 1709 pro
351 1643 551 1695 ανατίθεοθαι
562 1638 668 1706 πάντα,
720 1645 846 1711 quodque
864 1661 881 1695 a
893 1653 1057 1712 scriptorum
1073 1648 1203 1699 librorum
1217 1666 1265 1700 su·

120 1712 294 1763 assentiente
304 1712 405 1777 Negris
417 1713 447 1761 in
457 1712 500 1762 ed.
510 1728 573 1763 sua:
586 1716 670 1764 omnia
720 1713 851 1764 ctoritate
863 1714 954 1765 minus
968 1715 1135 1765 diteedit.-
1144 1716 1178 1765 ln
1190 1732 1265 1782 seqq.

119 1786 218 1829 mare
231 1794 255 1829 s.
268 1786 397 1837 comere,
413 1794 505 1845 suaque
523 1782 604 1845 deque
616 1781 666 1856 γιο-
720 1779 756 1829 ad
778 1777 904 1844 φοινίξει
924 1779 1060 1846 (εεοηνίιιε
1081 1798 1151 1832 more
1173 1786 1267 1834 reddet

118 1847 193 1905 irre,
243 1847 298 1897 nod
319 1862 403 1912 snpra
424 1847 482 1910 111,
504 1846 521 1898 3
542 1852 585 1897 est
608 1863 668 1898 ανεο
719 1847 831 1910 rubrum)
846 1848 882 1901 oi.
894 1848 1021 1913 Apollon.
1034 1850 1123 1899 Rhod.
1138 1850 1192 1912 ΙΙΙ,
1206 1852 1265 1912 725,

119 1906 198 1966 ια’τοο
210 1863 370 1978 elsteram
388 1915 422 1965 de
434 1915 496 1980 ipsa
505 1916 586 1965 tmesi
596 1915 670 1965 oeni.
723 1915 768 1979 qni
788 1914 861 1966 idem
883 1916 996 1967 verbnm
1018 1917 1157 1981 adhibuitq
1186 1918 1266 1984 plura

119 1984 150 2034 E.
167 1981 314 2032 Wentzel:
337 1983 380 2033 De
402 1982 565 2047 praepositt
589 1984 670 2033 tmesi
720 1983 776 2033 vid.
794 1985 824 2033 iu
836 1983 970 2034 Theseus.
988 1986 1069 2052 Ling.
1088 1984 1187 2036 Graes.
1204 1988 1265 2037 Vol.

120 2050 195 2116 apud
216 2048 389 2100 Herodotum
411 2049 569 2113 (Vratislav.
594 2049 669 2113 1829)
720 2050 795 2101 VIII.
814 2066 879 2116 pag.
897 2049 947 2101 987
965 2052 1006 2102 ed.
1025 2052 1150 2103 Diudori.
1169 2080 1203 2089 -
1223 2054 1265 2104 Ad

118 2134 186 2183 pag.
202 2117 244 2169 15.
278 2117 348 2167 Nam
366 2117 430 2182 quid
448 2116 563 2183 vulgata
577 2111 669 2167 πνθέ·
719 2133 816 2168 vocem
839 2111 966 2181 εὐρύοπα
988 2120 1044 2171 vid.
1061 2124 1130 2171 nott.
1149 2120 1186 2170 ad
1201 2122 1263 2185 Vll,

119 2184 346 2246 rioersibirelit
361 2183 519 2251 intelligere
532 2201 575 2235 me
607 2200 668 2235 osse
721 2185 767 2234 141
789 2191 817 2235 et
834 2186 904 2236 addo
921 2188 1062 2237 Dnentzer
1082 2188 1124 2238 in:
1146 2188 1262 2239 Jahrbb.

119 2268 206 2318 nego;
237 2266 332 2316 quam,
356 2252 492 2316 probante
517 2202 666 2314 Larclrero,
720 2252 1151 2338 1.Ρ1]ἱ1οΙορ.ΙιΧΙΧ.ρορ.808.

118 2322 159 2371 sie
182 2318 287 2369 Latine
310 2319 430 2368 reddidit
451 2318 666 2383 Wesselingius:
748 2310 794 2378 Ἐς
814 2319 934 2370 τοιαῦτα
948 2314 1003 2398 pin
1024 2338 1074 2371 aar
1090 2312 1164 2373 οὕτω
1181 2314 1262 2387 ἐναρ-

118 2393 266 2451 opinantem
277 2386 407 2452 reliquere
420 2387 579 2436 auditmniri.
608 2388 666 2437 Neo
718 2381 788 2451 γένος
797 2381 1015 2451 λίγαντιΒανιδι
1025 2382 1190 2455 ἀντιλογίης
1199 2404 1264 2455 χρη-

118 2455 210 2520 magis
236 2453 332 2518 placet
354 2447 512 2513 πιθέσθαι,
537 2454 608 2520 quod
630 2454 665 2505 ab
717 2448 872 2520 ομῶνπὲρι
886 2453 1263 2521 a.r.i.]Sehweighaeusero

118 2538 174 2573 uno
186 2522 318 2572 Parisino
330 2521 426 2572 eodioe
440 2521 564 2583 affertur,
583 2522 666 2585 quod·
718 2523 747 2572 in
759 2523 827 2572 Lex.
841 2522 941 2572 Herod.
955 2522 977 2573 Ι.
991 2539 1056 2588 pag.
1069 2522 1102 2573 58
1119 2527 1263 2588 corruptus

119 2606 172 2656 quo
182 2588 295 2639 Vallam
306 2588 409 2654 legisse
419 2594 525 2654 putant,
539 2591 584 2654 qni
594 2590 667 2653 (sen·
717 2590 828 2640 videtur
844 2588 935 2651 loeus,
961 2591 990 2640 in
1008 2605 1060 2656 quo
1081 2595 1131 2641 aut
1152 2580 1262 2640 α’ντιλο-

119 2674 179 2708 sum
202 2658 302 2723 opinor
329 2658 420 2722 magis
447 2661 560 2722 secutus
585 2672 666 2723 quam
718 2657 783 2721 γίας
800 2656 997 2722 reponendum,
1022 2663 1082 2720 aut,
1105 2657 1176 2722 quod
1193 2657 1262 2708 adeo

120 2728 183 2791 ipsa
207 2724 315 2775 oraculi
337 2722 435 2779 rerbal
459 2724 590 2775 reddidit:
619 2725 668 2774 sibi
718 2728 863 2790 praestare
880 2725 1002 2789 videtur,
1026 2715 1068 2776 δι’
1084 2718 1187 2791 οἷλογίη
1220 2716 1263 2775 ἕλ-

119 2796 465 2857 cederecunctapntantem.
492 2792 668 2857 Recepernnt
718 2790 797 2856 θεῖν,
810 2792 1000 2859 ρεοαλὶΙἿ,9τ
1020 2786 1070 2843 διὰ
1082 2786 1176 2858 μα’χης
1189 2741 1264 2843 lieri-

120 2861 172 2912 hoe
181 2859 331 2917 Matthiae,
343 2858 498 2919 Bekkerua
510 2859 667 2910 Dindorfins
717 2873 826 2911 σονται.
872 2860 913 2911 Ao
938 2861 1038 2910 dudum
1062 2860 1264 2926 Weeselingius

120 2929 177 2994 (qui
189 2928 294 2979 Latine
310 2927 358 2977 ubi
370 2927 501 2977 reddidit:
525 2933 607 2979 omnia
624 2944 666 2978 eo·
718 2928 854 2978 maluerat
864 2927 923 2994 legi
936 2918 980 2978 δι’
991 2918 1156 2993 α’ντιλογίας
1170 2922 1263 2992 λέγειν

120 3003 220 3047 νοτίοιο
241 2997 277 3045 ad
296 3011 324 3045 se
339 2995 459 3059 tradere,
481 2999 510 3045 et
526 2996 587 3060 ipse
603 3011 667 3045 son·
718 2995 927 3059 (oontrodIoendo
938 2996 1064 3062 obloqui),
1077 2996 1195 3046 laudans
1208 2997 1262 3046 Ab·

121 3079 179 3114 sum
200 3064 295 3129 potius
317 3063 486 3129 expressisse
508 3077 591 3127 qnam
605 3078 666 3114 rer·
717 3063 818 3113 reschii
837 3063 1069 3114 emendationem:
1093 3052 1159 3114 orire
1176 3054 1263 3121 odric

121 3132 156 3181 ba
172 3130 329 3182 reddidisse
348 3129 484 3196 putandus
498 3129 561 3193 erit)
584 3136 667 3195 atque
719 3122 843 3181 ἐλθεῖν
859 3125 1261 3197 soipin.Stegerus(Epl1em.

122 3199 256 3260 Dietseh.‚
271 3199 319 3263 qni
330 3199 360 3248 in
372 3197 434 3248 loco
444 3202 570 3263 corrupto
580 3199 667 3249 verba
717 3199 776 3249 len.
797 3196 869 3249 1828.
887 3215 928 3249 nr.
949 3197 1006 3247 188.
1025 3216 1051 3264 p.
1069 3197 1113 3260 48)
1136 3214 1184 3262 pro
1204 3198 1265 3251 onit

122 3268 229 3317 intaeta
242 3265 398 3331 relinquere
410 3265 521 3329 maluit,
534 3265 606 3316 haee
619 3266 666 3315 ad·
716 3258 897 3331 α’ντιλογίην,
916 3281 976 3316 enm
983 3256 1157 3330 tinrloyiqn
1168 3214 1262 3329 λίγεια

121 3335 259 3385 scribens:
283 3334 470 3396 „sententiam
487 3338 604 3399 apparet
625 3337 666 3384 ta·
717 3333 788 3383 idem
801 3333 896 3384 valeat
908 3338 992 3399 atque
1004 3324 1177 3398 ἀντιλέγειν,
1191 3332 1260 3382 oblo-

123 3401 174 3452 lem
190 3417 254 3453 esse
267 3401 384 3451 debere:
406 3417 461 3451 omn
477 3402 602 3452 nihilium
618 3401 668 3452 ribi
717 3404 768 3468 qui.
813 3402 892 3463 Quae
920 3407 1014 3451 tamen
1042 3401 1096 3465 ipsi
1120 3398 1263 3465 probanda
1314 3418 1320 3427 ·

121 3473 267 3520 restitas-mn
279 3471 384 3531 medat,
402 3469 451 3520 sed
467 3484 501 3519 ea
518 3484 600 3534 quam
616 3484 664 3519 va·
717 3484 792 3530 esse,
817 3469 916 3518 merito
934 3483 1045 3519 monere
1062 3467 1172 3518 videtur
1188 3467 1260 3517 idem

121 3539 169 3588 riis
181 3537 270 3588 modis
284 3537 401 3601 exprimi
412 3538 541 3602 potest?“
571 3536 668 3602 Stege·
718 3551 817 3586 censor
828 3537 983 3601 Lipsiensis
998 3534 1070 3587 1838.
1081 3550 1146 3601 pag.
1153 3534 1195 3584 47.
1214 3535 1261 3584 Iri·

122 3622 164 3656 rua
177 3605 348 3656 delectione
361 3620 378 3655 a
389 3603 544 3669 Schweigb.
554 3609 668 3669 reoepta
718 3604 760 3654 bri
778 3604 876 3669 scripti
893 3603 966 3653 haud
984 3603 1130 3668 quidquam
1143 3601 1263 3655 afferunt

122 3673 266 3733 dubitans,
297 3672 331 3722 de
360 3687 415 3737 qua
439 3672 534 3722 eadem
558 3672 668 3721 dubitet
719 3671 823 3721 auxilii.
848 3672 945 3735 Itaque
958 3671 1101 3735 vulgatam
1112 3670 1262 3721 lectionem

121 3756 219 3791 eensor
227 3739 387 3806 Lipsiensis
399 3738 471 3791 1838.
501 3739 597 3805 apli),
627 3755 667 3789 ro-
717 3740 831 3801 retinui,
857 3754 938 3803 qnam
962 3738 1003 3788 sie
1027 3738 1204 3802 interpretari
1228 3736 1262 3785 li·

122 3807 410 3873 ponit(Ephem.Ien.
429 3806 464 3855 18·
493 3806 581 3857 .nr.l
618 3823 665 3871 .p.
718 3812 794 3862 caat:
826 3806 891 3867 „Ad
914 3806 984 3855 haee
1011 3820 1033 3854 s.
1057 3804 1128 3854 talia
1152 3804 1262 3869 quidem

122 3874 178 3937 tet:
197 3864 337 3926 δοκεῦντ’
353 3862 391 3924 οἶν
408 3863 524 3924 ἅπαντα
540 3865 668 3925 πίθεσθ’
718 3874 788 3938 quod
806 3875 908 3922 attinet
926 3886 1013 3936 eaque
1031 3878 1088 3922 tam
1105 3871 1181 3922 olsre
1199 3886 1260 3920 eum

124 3934 166 3993 sd:
184 3948 332 4009 opinantem
344 3942 495 3992 cunctanti
505 3958 561 3993 ease
572 3942 665 3992 obtem·
719 3941 843 3991 enuntiet
859 3941 956 4003 Bacis,
982 3939 1108 4004 equidem
1130 3953 1183 3989 nee
1200 3939 1261 4003 ipse

120 4018 259 4074 partina,
283 4009 355 4075 quod
372 4010 468 4060 merito
486 4010 579 4060 durius
598 4009 666 4059 iudi·
718 4009 783 4074 quid
794 4008 939 4058 enuntiare
951 4006 1039 4057 audeo
1051 4020 1140 4072 neque
1153 4007 1187 4056 ab
1199 4005 1262 4054 aliis

125 4083 170 4127 eat
190 4079 264 4129 idern
289 4093 390 4127 censor
406 4078 569 4142 Lipsiensis.
608 4077 667 4128 Neo
718 4076 782 4141 quid
794 4076 900 4140 recipio
916 4075 950 4125 de
968 4074 1187 4124 contradictione
1200 4087 1260 4122 ora-

126 4145 334 4262 naqisplaoet,
347 4144 493 4209 quodlllta
507 4143 633 4207 (Jahrbb.
648 4145 667 4196 1.
720 4143 840 4221 quiornm
857 4142 1001 4197 Bacidis.“
1036 4143 1105 4191 Tum
1121 4140 1261 4258 qenitivus

125 4212 257 4279 Phiolog.
270 4211 534 4294 §uppllX3p3dqll
547 4212 668 4290 seriben3
717 4208 882 4289 αντιλογίης
897 4210 1016 4289 εείοελογ
1029 4209 1129 4271 adase
1154 4211 1183 4257 et
1189 4220 1260 4322 ἔνη·

127 4279 320 4332 dumoensurt:
341 4278 462 4331 δονενντ
492 4295 562 4345 αμα
580 4294 655 4329 aava
719 4291 795 4343 σμαν
811 4278 915 4344 pendet
936 4277 972 4327 ab
987 4273 1166 4340 αντιλογίηςς
1208 4278 1261 4325 atr·
