2826 5132
195 411 258 471 406
606 398 922 463 COMMENTATIO

193 578 241 650 qui
255 576 416 631 adolescens
429 574 565 629 Herodoti
581 574 692 629 auditor
711 574 837 643 adeoque
857 571 977 624 amasius
995 572 1096 638 luerit,
1117 576 1254 641 temporum
1271 586 1307 622 ra·

160 670 161 674 ’
193 664 284 716 tiones
298 663 337 714 ita
351 668 515 732 repugnant,
532 668 562 712 ut
573 659 739 726 Choerilum,
755 658 789 725 si,
805 656 1026 728 quemadmodum
1041 656 1127 708 tradit
1139 655 1239 723 saion,
1253 654 1308 706 ado·

192 749 300 801 lescens
320 746 407 799 inerit
427 745 536 815 Olymp.
556 744 656 798 LXXV
675 743 762 815 (circa
783 746 835 796 480
849 760 872 797 a.
889 741 955 795 Chr.
975 759 1018 809 n.;
1034 741 1089 793 tuit
1102 748 1187 794 autem
1200 740 1309 793 Herodo-

193 841 248 899 tus,
265 839 296 884 ut
311 849 395 901 snpra
411 829 528 883 vidimus
542 834 566 895 s.
582 833 605 896 l,
621 834 703 881 natus
717 831 771 883 484
784 833 849 880 ante
859 827 925 880 Chr.
942 827 994 897 m),
1011 833 1071 879 octo
1084 833 1158 878 certe
1167 832 1213 877 aut
1224 824 1309 891 decem,

193 918 317 986 adeoque
332 915 460 986 pluribus
477 916 557 967 annis
575 914 718 966 Herodoto
741 913 868 966 maiorem
882 912 971 965 fuisse
987 918 1139 964 statuamus
1153 928 1258 962 necessa
1272 910 1309 974 sit,

192 1004 260 1055 adeo
282 1008 313 1053 ut
327 1001 433 1054 minime
450 997 604 1069 discipulus
623 998 758 1052 Herodoti
783 997 898 1068 eiusque
918 997 1029 1049 auditor
1050 1002 1079 1048 et
1104 995 1218 1049 amasius
1233 994 1311 1047 baberi

139 1130 140 1134 ,
192 1087 290 1157 possit.
322 1085 382 1138 Vid.
405 1084 503 1137 Naelre
520 1083 554 1136 ad
575 1082 696 1136 Choerili
716 1084 839 1152 lragmm.
865 1100 890 1152 p.
915 1084 947 1135 19
967 1099 1040 1151 seq.;
1057 1098 1143 1150 quare
1160 1096 1216 1132 cum
1234 1080 1312 1131 eodem

192 1172 252 1224 viro
268 1171 357 1237 docto,
372 1170 420 1239 qui
435 1168 537 1221 Saldae
551 1167 753 1234 testimonium,
771 1167 845 1238 qaod
859 1173 888 1219 at
903 1172 1011 1235 tempus
1027 1166 1141 1233 attinet,
1156 1164 1247 1218 falsum
1261 1182 1314 1217 esse

192 1255 262 1308 satis
287 1254 424 1323 probavit,
451 1251 575 1305 Choerili
600 1251 706 1305 natales
730 1254 819 1305 satius
845 1252 898 1305 erit
920 1251 988 1320 (rid.
1018 1269 1044 1320 p.
1078 1250 1127 1318 28)
1154 1250 1261 1304 relicere
1285 1249 1312 1300 ad

193 1340 301 1408 Olymp.
315 1337 452 1404 LXXVII,
473 1337 560 1392 lsive
588 1355 653 1392 anu.
678 1341 731 1390 472
755 1343 818 1390 ante
839 1336 905 1390 Chr.
926 1354 955 1392 n.
984 1335 1051 1402 „Sic
1075 1335 1209 1388 Herodoti
1231 1334 1315 1401 (rerba

192 1433 259 1476 sunt
275 1423 376 1476 Naelrii
390 1422 409 1479 1.
426 1420 468 1493 t),
491 1439 546 1491 quo
567 1421 612 1475 ille
628 1421 769 1475 duodecim
787 1421 868 1474 annis
883 1421 972 1474 minor
986 1428 1070 1486 esset,
1087 1420 1220 1474 commode
1237 1425 1315 1489 potest

192 1517 220 1561 et
234 1508 344 1561 auditor
365 1515 393 1561 et
413 1507 527 1560 deliciae
547 1507 646 1559 tuisse.
678 1506 776 1560 Potest
795 1505 898 1559 luisse:
921 1523 981 1558 nam
997 1504 1164 1559 declaratum
1179 1514 1221 1559 ast
1234 1520 1315 1575 supra,

191 1611 232 1645 me
247 1593 314 1645 nihil
335 1593 410 1646 aliud
429 1600 542 1658 tenere,
563 1608 644 1661 quam
665 1592 728 1656 hoc,
750 1598 781 1643 ut
795 1608 859 1643 esse
872 1590 996 1660 potuerit
1015 1606 1066 1658 per
1080 1597 1230 1661 temporum
1245 1589 1316 1643 ratio·

192 1696 260 1735 nem.
293 1678 347 1730 Sed
362 1683 394 1730 ut
414 1677 579 1745 accipiamus
599 1676 654 1746 illa,
676 1693 748 1748 quae
765 1675 887 1745 prodidit
906 1675 1024 1742 fluidas,
1047 1675 1192 1729 Choerilus
1212 1677 1318 1728 fortasse

192 1763 236 1823 01,
255 1762 377 1829 LXXXI,
403 1761 526 1828 4(circa
547 1763 598 1815 453
625 1767 690 1814 aute
717 1761 784 1815 Chr.
803 1762 855 1827 n),
881 1776 936 1829 quo
958 1776 1059 1813 annam
1082 1763 1181 1813 aetatis
1203 1760 1319 1813 decimum

192 1854 316 1900 octavum
349 1846 526 1916 expleverat,
560 1845 640 1898 Samo
671 1848 808 1915 profugus
833 1845 968 1897 Herodoti
988 1844 1160 1915 discipulus,
1191 1845 1231 1898 vel
1256 1843 1317 1915 quod

190 1933 269 1997 malo,
290 1932 401 1985 auditor
424 1933 515 1984 factus
540 1937 584 1984 est
599 1930 785 1984 etdeliciae.“
823 1929 853 1981 la
875 1928 917 1981 his
946 1929 1026 1999 plane
1046 1930 1319 1984 subsistendumesse

191 2017 333 2070 existimo:
351 2015 458 2086 reliqua
474 2015 545 2068 euim
561 2016 650 2067 omnia
670 2004 789 2080 incerta3
810 2032 861 2067 nec
881 2014 968 2083 magis
988 2020 1107 2082 certum,
1135 2033 1190 2086 qua
1216 2016 1274 2086 ipsa
1293 2014 1319 2066 de

190 2119 275 2154 causa
292 2107 320 2153 et
334 2118 389 2173 quo
404 2100 692 2169 temporeHerodotus
708 2098 803 2152 relicti
814 2096 903 2168 patrii
914 2099 1021 2151 Samum
1036 2100 1145 2158 adierit,
1167 2100 1212 2154 Ob
1223 2100 1319 2169 Lygda-

189 2187 286 2239 midem
301 2192 450 2253 tyrannum
468 2184 497 2236 id
518 2185 618 2238 tactum
635 2203 698 2237 esse
718 2184 802 2237 tradit
815 2183 917 2235 Suidas
932 2183 950 2236 l.
964 2201 1049 2254 supra
1065 2184 1082 2238 l.
1100 2203 1133 2238 ae
1150 2185 1286 2255 probabile
1298 2183 1320 2234 id

190 2271 281 2325 reddit
304 2270 440 2323 Herodoti
466 2269 572 2322 animus
597 2287 614 2322 a
641 2276 822 2337 tyrannorum
837 2267 950 2336 imperio
973 2269 1084 2323 maxime
1109 2269 1228 2323 alienus.
1257 2270 1321 2322 llaec

190 2355 325 2409 Herodoti
341 2354 402 2408 sive
417 2353 600 2422 commigratio
617 2355 678 2407 sive
694 2353 820 2423 expulsio
836 2371 869 2405 ex
880 2352 1073 2406 Halicarnasso
1089 2355 1161 2408 arbe
1176 2357 1211 2408 ob
1223 2355 1321 2424 Lygda-

191 2441 286 2495 midem
301 2444 448 2509 tyrannum
466 2439 580 2507 laegero
596 2439 613 2493 l.
633 2439 651 2491 l.
667 2458 695 2508 p.
712 2444 727 2492 7
750 2445 905 2507 opportune
920 2437 1029 2491 videtur
1043 2440 1193 2494 cohaerere
1208 2457 1264 2494 cum
1277 2439 1321 2490 Pa·

191 2525 316 2594 nyasidis
338 2524 449 2592 cognati
472 2523 639 2593 calamitate,
662 2524 687 2575 si
709 2522 818 2594 quidem
842 2522 884 2574 hic
898 2540 915 2574 a
929 2522 1097 2590 Lygdamide
1112 2530 1233 2594 tyranno
1248 2526 1322 2578 inter·

191 2614 280 2664 fectus
301 2617 345 2662 est
366 2615 439 2662 teste
452 2608 538 2662 Suida
553 2609 569 2664 Ι.
587 2626 673 2678 supra
689 2607 707 2661 l.
736 2608 775 2660 Et
791 2607 874 2661 habet
891 2625 958 2660 sane
974 2607 1025 2660 hoo
1039 2612 1176 2680 quandam
1192 2612 1250 2665 veri
1268 2626 1321 2677 spe·

191 2696 267 2753 ciem.
297 2694 468 2765 Quamquam
483 2711 539 2765 quo
553 2710 626 2746 anno
644 2693 673 2745 id
687 2695 788 2746 factum
803 2693 855 2760 sit,
871 2692 895 2744 si
909 2708 1038 2761 quaeras,
1055 2695 1081 2746 in
1096 2696 1225 2750 diversas
1240 2702 1321 2766 partes
1405 2720 1406 2727 ι

189 2782 266 2834 abire
287 2778 410 2831 videmus
431 2778 507 2831 viros
522 2779 634 2846 doctos,
651 2794 710 2831 cum
724 2777 771 2829 vix
786 2786 889 2830 certum
910 2778 1034 2847 supersit
1048 2782 1180 2849 temporis
1195 2781 1320 2835 indicium.

191 2867 225 2921 C.
247 2864 282 2916 0.
302 2863 489 2917 Mulierum.
511 2863 549 2917 ΙΙ.
572 2882 599 2932 p.
620 2866 671 2917 499
694 2862 840 2929 Panyasim
864 2861 971 2931 Olymp.
992 2862 1177 2934 nxxvllm
1200 2886 1225 2919 s.
1247 2867 1323 2920 tuba

190 2948 358 3016 Lygdamida
382 2948 557 3000 interfectum
582 2965 645 3000 esse
668 2954 814 3018 posuerat:
837 2946 948 2999 Clinton
976 2946 1026 3000 hoc
1050 2949 1138 3001 refert
1162 2953 1198 3004 ad
1224 2951 1321 3018 Olymp.

190 3032 297 3100 LXXX,
314 3036 331 3085 4
351 3032 410 3084 sive
432 3035 482 3085 457
503 3049 619 3102 eumque
644 3031 738 3102 plures
760 3032 815 3084 viri
836 3030 909 3085 docti
934 3032 1023 3084 secuti
1050 3040 1127 3101 sunt,
1151 3053 1225 3108 quos
1242 3035 1324 3090 laudat

189 3115 532 3183 Taschirnerffanyasid.
555 3118 690 3185 Fragmm.
708 3136 734 3186 p.
754 3119 809 3185 17),
825 3116 872 3187 qui
888 3116 949 3186 ipse
967 3118 1059 3186 ponit,
1082 3117 1229 3187 Panyasim
1249 3123 1322 3174 inter
1405 3138 1406 3167 ι

189 3205 289 3256 lectum
315 3219 377 3254 esse
403 3208 452 3253 aut
478 3201 585 3270 Olymp.
611 3201 747 3270 uxxxu,
768 3205 785 3256 3
806 3202 880 3269 (sive
901 3204 953 3254 450
976 3207 1041 3254 aute
1063 3203 1129 3259 Cbr.
1148 3208 1190 3276 n.)
1210 3215 1259 3260 aut
1277 3218 1321 3257 ana

190 3288 335 3341 duobusve
350 3285 430 3339 annis
445 3295 526 3356 post,
549 3286 715 3357 obloquente
730 3286 855 3340 Funclsio
875 3286 902 3338 in
918 3285 1032 3339 Jahrbb.
1055 3288 1076 3339 l.
1093 3287 1194 3347 Philol.
1212 3286 1323 3344 xxxix.

190 3390 253 3444 pag.
270 3376 330 3429 135.
358 3372 456 3443 ltaque
473 3371 611 3425 Clintonis
630 3372 658 3423 in
680 3371 843 3424 senteutiam
864 3370 925 3422 aliis
949 3387 1058 3441 quoque
1074 3372 1145 3425 viris
1167 3374 1256 3428 ductis
1270 3389 1322 3444 pra

190 3460 278 3511 batam
297 3458 323 3510 si
345 3456 525 3525 discedimus,
547 3456 724 3522 Herodotus,
750 3455 792 3507 vir
812 3454 922 3508 iuvenis
943 3455 1042 3523 viginti
1072 3463 1179 3527 septem
1203 3474 1324 3514 annorum

190 3546 283 3609 ferme,
296 3542 323 3594 in
340 3543 448 3594 Samum
468 3559 498 3593 se
514 3541 652 3611 recepisse
673 3539 813 3610 putandus
831 3540 898 3606 erit,
913 3539 941 3592 ἰιι
959 3557 1053 3610 quam,
1070 3541 1238 3597 Schuelliurs
1252 3545 1275 3597 si
1287 3560 1323 3593 se·

190 3629 300 3700 quimur
315 3622 464 3703 (Philolog.
485 3624 518 3678 X
535 3644 598 3696 pag.
619 3627 674 3693 27),
695 3625 796 3678 dudum
811 3632 901 3693 antea,
920 3624 993 3677 circa
1016 3625 1126 3697 Olymp.
1141 3628 1283 3682 LXXVlll
1303 3644 1323 3678 s.

190 3716 242 3767 468
257 3717 323 3764 ante
339 3708 403 3768 Chr.
420 3728 448 3764 n.
463 3713 604 3780 profectus
621 3717 664 3763 est
679 3727 733 3762 ana
748 3727 808 3762 cum
823 3708 981 3776 Panyaside
997 3711 1144 3781 avunculo,
1161 3730 1243 3784 quem
1261 3710 1323 3766 smi

191 3801 330 3865 receptum
347 3800 433 3865 utque
448 3794 558 3862 longius
574 3801 765 3848 commoratum
780 3812 843 3847 esse
860 3794 930 3846 idem
937 3794 1091 3849 Schoellius
1105 3798 1209 3851 statuit
1222 3803 1325 3869 propter

192 3879 307 3933 Duridis
328 3879 512 3933 testimonium
528 3880 602 3950 apud
617 3880 728 3932 Suidam
752 3880 769 3932 l.
793 3896 879 3950 snpra
894 3879 922 3947 l.,
946 3881 1051 3950 dequo
1073 3883 1202 3952 equidem
1224 3883 1324 3936 dubito:

191 3965 219 4017 id
235 3981 317 4018 unum
331 3963 393 4016 mibi
408 3969 510 4016 certum
532 3982 623 4034 neque
643 3963 697 4017 ullo
719 3965 797 4018 modo
814 3963 991 4018 dubitandum
1010 3965 1135 4035 videtur,
1162 3968 1324 4023 Herodotum

192 4047 281 4119 patriai
298 4047 392 4102 relicti
405 4047 512 4101 Samum
527 4066 558 4101 se
572 4046 724 4102 contulisse
745 4050 839 4120 ibique
858 4048 1023 4120 aliquamdiu
1040 4059 1233 4106 commoratam
1245 4050 1324 4105 literis

194 4151 307 4187 vacasse
323 4134 351 4186 in
368 4133 444 4201 urhe,
460 4150 529 4204 quae
544 4150 598 4186 non
617 4135 774 4188 commercio
789 4138 895 4188 tantum
909 4136 1049 4207 rebusque
1064 4135 1226 4207 navalibus,
1240 4151 1323 4190 rerum

192 4348 208 4383 τ
212 4321 264 4384 ‘lu
273 4324 387 4411 Σάμου
387 4327 436 4381 καὶ
445 4321 638 4398 Ηροὸότῳ
599 4348 636 4397 τῳ
649 4325 781 4413 aoropruqi
797 4324 1032 4399 παρεδρεύσαντα
1048 4325 1139 4399 λόγων
1151 4324 1321 4400 ἐρασθῆναι·

194 4386 306 4459 οὗτινος
318 4389 410 4451 αὐτὸν
422 4395 471 4451 καὶ
488 4385 625 4451 παιδίκά
623 4414 770 4465 γεγονεναι
783 4400 882 4466 φασίν.
