2866 5134
295 308 353 367 DE
374 307 480 368 VITA
497 308 555 366 ET
578 305 770 367 SORIPTIS
794 304 1029 367 HERODOTI.
1168 310 1232 373 439

88 477 182 534 δοκέει
196 475 284 535 εἶναι·
297 475 326 532 ol
338 474 391 549 poio
400 472 537 549 Ἑλλήνων
551 472 629 548 λόγοι
644 482 743 533 πολλοί
756 498 784 532 rs
801 477 849 531 nul
865 482 975 549 prietes,
992 472 1029 541 ὡς
1041 474 1101 549 ἐμοὶ
1117 481 1233 549 φαίνον-

87 583 144 635 ται,
160 562 239 619 εἰσίν.
273 565 352 628 Quae
368 582 435 618 sene
449 564 573 616 indicant
593 564 737 634 scriptoris
757 563 877 617 animum
891 581 907 615 a
922 564 1040 633 receptis
1056 565 1231 634 superstitio-

89 650 173 702 nibus
188 649 305 704 liberam
321 657 349 702 et
364 649 422 702 veri
443 649 603 702 inveniendi
624 649 793 715 studiosum,
812 648 952 716 ingenium
967 666 1030 702 ecre
1047 656 1074 702 et
1089 649 1188 702 sollers
1203 651 1230 702 in

89 734 245 789 ssbnlernm
266 735 427 787 traditarum
450 735 613 802 farraginem
634 734 779 804 inquirens
794 751 906 803 eamque
921 733 1089 788 diiudicens:
1113 734 1180 787 adeo
1202 743 1232 788 ut

89 830 204 873 armore
219 821 359 873 Crenzero
372 818 401 886 *)
414 820 580 873 Hecataeum
596 836 687 872 rectum
709 820 870 887 scriptorem
884 821 1001 873 criticum
1019 819 1115 889 utique
1132 837 1231 873 vecere

89 905 243 974 possimus,
270 904 432 974 praesertim
448 922 508 957 cum
529 904 581 957 alie
596 921 722 974 quoque,
744 904 838 956 eodem
852 903 968 956 docente
983 903 1139 971 Creuzero,
1154 921 1231 957 ucce-

87 991 164 1059 dent,
182 1009 198 1043 e
213 988 316 1059 quihus
332 989 415 1043 crisin
433 990 567 1059 quandem
590 989 664 1041 illnm
681 989 812 1040 historiae
828 988 988 1040 adhibuisse
1013 988 1167 1041 luculenter
1182 1007 1230 1059 po-

87 1083 156 1128 teat.
189 1075 361 1127 Herodotum
380 1074 473 1126 eodem
494 1074 574 1127 titulo
589 1074 655 1145 quin
675 1090 812 1141 ornemus,
826 1073 864 1125 nil
879 1074 969 1139 rideo,
988 1073 1059 1144 quod
1078 1074 1183 1141 obstet;
1201 1080 1231 1126 nt

86 1159 115 1211 iu
131 1176 187 1229 quo
203 1162 339 1229 scriptore
355 1160 442 1212 omnia
462 1165 640 1225 concurrunt,
666 1175 736 1229 qnae
762 1168 865 1229 patrem
880 1160 1013 1213 historice·
1029 1158 1103 1213 illum
1127 1176 1229 1211 summo

1 1263 2 1272 ¹
86 1243 150 1297 inre
177 1245 267 1297 vocsri
292 1244 433 1297 evincunt.
469 1244 537 1296 Cum
563 1245 632 1297 enim
651 1243 752 1313 prioris
774 1244 872 1296 aetatis
887 1243 1028 1295 historiam
1044 1243 1228 1314 perscribeuti

84 1329 120 1380 ad
133 1330 324 1399 antiquitatem
336 1336 411 1381 esset
423 1329 644 1397 regrediundnm,
661 1346 731 1397 qnae
744 1347 797 1380 uon
811 1328 864 1380 nisi
881 1348 895 1381 e
906 1331 1098 1394 monumentis,
1111 1328 1228 1397 templis,

1 1481 2 1484 Ἴ
81 1414 268 1481 carminibus,
294 1414 396 1467 fabulis
416 1414 546 1481 cognosci
566 1406 743 1483 poteret**),
772 1413 931 1466 Herodotus
953 1420 1090 1483 qnatenus
1106 1430 1177 1485 quse
1194 1415 1228 1467 de

1 1487 2 1578 l
82 1498 127 1550 his
140 1498 242 1551 traditu
254 1498 360 1552 invenit
373 1499 543 1569 accepitque,
560 1498 647 1551 literis
663 1497 838 1566 consignavit
858 1505 887 1550 et
903 1499 951 1568 qui
967 1499 1128 1551 lerehuntnr
1141 1493 1228 1568 λόγοι,

80 1601 133 1635 eos
150 1582 178 1635 in
195 1601 275 1636 suum
290 1583 385 1636 retulit
401 1600 481 1653 opus,
499 1583 560 1653 ipse
582 1583 776 1653 quodammodo
792 1578 976 1651 λογογράφων
993 1582 1021 1634 in
1038 1600 1150 1634 numero
1167 1584 1229 1636 iure

1 1677 2 1680 ’
79 1667 211 1722 habetur.
243 1669 343 1738 Neque
358 1687 423 1720 vero
440 1668 467 1720 in
485 1687 517 1720 eo
535 1669 683 1737 acquievit,
702 1666 729 1719 in
751 1684 806 1737 qno
828 1667 935 1737 priores
952 1662 1144 1737 λογογράφους
1165 1672 1228 1721 ante

81 1752 173 1822 ipsum
189 1754 350 1806 substitisse
365 1753 442 1805 modo
458 1753 590 1820 diximus,
608 1752 657 1805 sed
671 1752 787 1820 amplius
802 1752 828 1804 in
843 1770 933 1805 rernm
947 1753 1108 1805 traditurum
1125 1770 1223 1805 nexum

84 1853 239 1907 censesque
254 1847 282 1891 et
297 1839 324 1889 in
342 1855 408 1905 eam,
423 1855 494 1908 quae
508 1838 571 1891 inde
587 1836 848 1903 enascitur,'rernm
863 1845 1003 1905 gestarum
1018 1838 1160 1890 veritatem
1183 1857 1226 1890 or-

84 1921 229 1992 dinemque
244 1923 437 1992 inquirendum
458 1928 535 1975 retus
555 1940 571 1974 e
587 1923 706 1991 priorum
719 1922 883 1991 scriptorum
900 1922 944 1975 vin
961 1922 1070 1974 multum
1087 1923 1225 1990 discessit,

81 2024 171 2077 eoque
197 2007 258 2075 ipso
277 2007 398 2059 ostendit
419 2025 508 2059 rernm
528 2008 659 2061 historiae
684 2007 823 2059 notionem
843 2026 874 2060 se
894 2008 983 2061 animo
998 2008 1157 2077 impressam
1180 2009 1226 2060 he-

78 2091 186 2144 bnisse.
222 2092 301 2144 Unde
316 2110 384 2144 sane
408 2110 485 2144 nemo
507 2092 650 2144 mirabitur
671 2092 697 2143 in
721 2092 768 2144 teli
791 2093 925 2162 scriptore
945 2095 1009 2147 artis
1028 2094 1133 2148 criticae
1148 2094 1227 2146 initia

78 2179 151 2229 hene
167 2176 299 2243 cognosci
318 2194 410 2245 posse.
445 2177 507 2229 Vid.
531 2178 608 2230 modo
626 2183 695 2229 nott.
718 2177 751 2228 ed
768 2177 819 2243 ΙΙΙ,
838 2181 886 2230 122
901 2178 977 2247 (Vol.
993 2179 1029 2233 ΙΙ.
1045 2195 1072 2246 p.
1085 2179 1160 2244 231).
1177 2178 1224 2245 lv,

78 2263 142 2315 173.
169 2279 197 2330 p.
226 2262 288 2329 616,
318 2261 365 2326 lv,
394 2265 453 2317 179.
482 2279 508 2330 p.
537 2260 677 2316 6181101,
703 2261 741 2327 ΙΙ,
768 2269 796 2313 et
810 2262 871 2329 Vll,
896 2265 931 2316 30
956 2282 981 2332 p.
1002 2266 1063 2317 476.
1087 2261 1146 2319 Vol.
1173 2264 1224 2317 ΙΙΙ.

76 2345 151 2397 Corn
175 2345 264 2413 igitur
284 2345 342 2397 veri
368 2346 491 2400 historici
507 2354 615 2416 partes,
638 2346 688 2397 hoc
702 2346 780 2397 modo
796 2364 861 2399 vera
877 2365 893 2398 e
910 2347 987 2399 salsis
999 2348 1160 2415 seiungens,
1178 2366 1220 2400 ex·

79 2430 158 2499 plere
184 2430 324 2483 studuerit
339 2431 451 2496 Noster,
479 2431 631 2502 quaeritur,
657 2447 719 2483 num
741 2430 789 2500 qui
806 2448 900 2483 verum
926 2433 1181 2500 scrihereoolucrit‚
1198 2433 1225 2485 id

80 2514 165 2566 etism
176 2522 315 2582 proestare
325 2517 441 2585 potuerit
450 2511 522 2581 ***).
552 2516 621 2568 Nam
632 2518 743 2569 voluisse
753 2533 846 2568 verum
858 2516 967 2569 tradere
979 2517 1159 2586 Herodotum,
1176 2537 1222 2570 ne-

81 2598 196 2665 rninem,
215 2600 260 2669 qni
277 2600 450 2653 Herodoteas
472 2601 570 2653 Muses
589 2600 745 2653 accuratius
765 2599 930 2669 perlegerit,
951 2602 1138 2654 dubitaturum
1160 2620 1222 2655 con-

83 2683 149 2751 lido,
174 2702 222 2736 nec
248 2702 319 2754 opos
345 2685 471 2755 plnrihns
498 2691 724 2751 commonstrare,
752 2684 826 2738 nullo
853 2686 948 2739 timore
964 2687 1116 2756 partiumve
1132 2687 1223 2739 studio

80 2777 189 2837 ceptum
213 2769 303 2823 inisse
319 2771 498 2837 Herodotum,
524 2788 579 2841 quo
602 2771 692 2823 minus
713 2771 786 2840 qnod
806 2787 901 2823 verum
928 2771 982 2841 ipsi
1006 2772 1109 2825 fnisset
1124 2772 1222 2840 risum,

77 2854 165 2907 libere
192 2862 222 2906 et
246 2853 368 2922 ingenue
396 2856 563 2908 enuntiaret.
597 2856 658 2909 Vid.
673 2856 762 2921 modo,
789 2874 824 2908 ne
838 2854 928 2925 plura,
945 2863 1015 2911 nott.
1031 2857 1064 2908 ud
1081 2856 1143 2923 Vll,
1162 2860 1221 2912 132.

76 2939 139 2992 Vol.
162 2939 207 2991 ΙΙΙ
230 2956 256 3007 p.
278 2941 339 2995 634.
361 2947 389 2992 et
409 2940 444 2992 nd
465 2941 542 3008 vm,
567 2944 625 2996 123.
645 2947 674 2993 et
688 2941 759 2993 coni.
784 2940 948 2993 Meierotto:
965 2941 1021 2994 Sur
1038 2942 1178 2994 Herodote
1193 2949 1221 2995 et

73 3024 99 3076 le
115 3026 168 3076 hut
183 3025 219 3076 de
235 3041 286 3075 son
309 3023 424 3078 histoire
443 3024 582 3096 (Memoir.
604 3027 638 3078 de
655 3025 816 3078 t‘scademie
831 3025 926 3092 royele
947 3026 980 3078 de
996 3024 1090 3079 Berlin
1111 3030 1178 3082 1162
1195 3035 1222 3079 et

73 3112 155 3163 1793.
172 3127 201 3178 p.
223 3111 284 3161 615.
300 3111 361 3162 618.
374 3113 427 3164 621)
447 3112 530 3180 seq).
559 3110 704 3163 Pertinent
724 3111 776 3162 huc
798 3111 893 3176 etiem,
914 3127 985 3179 quae
1007 3109 1133 3180 pluribus
1155 3112 1222 3164 locis

74 3194 102 3245 in
122 3194 308 3246 annotatione
329 3194 445 3247 diximus
469 3197 502 3248 de
522 3194 620 3260 nimio,
643 3195 716 3264 qnod
735 3195 864 3264 scriptori
887 3195 1035 3264 imputent,
1058 3214 1124 3265 erga
1138 3195 1220 3249 Athe-

75 3344 253 3352 σω-...ο-,η--ψ

141 3425 169 3489 *)
187 3426 244 3476 Die
261 3424 355 3475 histor.
368 3426 457 3476 Kunst
469 3427 517 3476 der
530 3425 641 3476 Griech.
655 3442 718 3491 pag.
732 3424 766 3476 66
783 3426 845 3476 coll.
859 3426 893 3475 78
912 3428 947 3493 (p.
962 3426 1003 3477 68.
1017 3426 1069 3477 280
1087 3428 1128 3478 ed.
1142 3427 1219 3489 sec).

71 3495 130 3544 Fre
181 3510 217 3544 m.
230 3493 371 3543 historico.
384 3510 448 3559 pag.
461 3494 499 3544 15.
520 3493 609 3544 Aliter
621 3493 654 3543 de
667 3494 710 3544 his
722 3495 821 3544 statuit
832 3495 922 3544 Mure:
942 3495 1058 3545 Criticel
1071 3495 1178 3561 history
1191 3497 1221 3546 of

71 3562 124 3612 the
148 3576 279 3627 anguage
293 3566 346 3611 etc.
359 3562 404 3611 IV.
419 3579 444 3626 p.
461 3561 517 3612 156.

141 3642 183 3709 ⁸³)
195 3646 270 3695 Hinc
279 3651 336 3695 tam
347 3645 440 3697 sedulo
449 3646 574 3709 donaria,
588 3650 724 3711 portenta,
738 3645 851 3696 oraculo
861 3646 952 3696 ubivis
963 3652 1102 3697 recenset:
1117 3649 1217 3715 qnippe

69 3713 149 3764 unde
162 3714 318 3763 narrationi
331 3730 364 3763 ex
376 3719 455 3779 parte
468 3714 535 3764 fides
549 3719 609 3764 erat
621 3714 800 3774 adstruenda,
815 3715 976 3779 praesertim
991 3715 1020 3764 in
1033 3715 1114 3765 rebus
1127 3716 1218 3767 dubiis

69 3788 123 3833 ent
135 3781 216 3831 vario
228 3781 307 3831 modo
320 3781 438 3832 traditis.
469 3782 549 3833 Coni.
563 3782 641 3832 modo
653 3782 678 3843 1,
692 3781 733 3831 56.
747 3782 790 3832 52.
802 3780 844 3830 62.
857 3782 899 3839 ΙΙ,
913 3782 961 3844 44,
975 3798 1009 3833 ne
1022 3780 1110 3847 plura.
1141 3784 1217 3835 Bene

68 3851 145 3900 dixit
157 3849 305 3899 Meierotto
319 3850 347 3898 in
359 3850 507 3914 scriptione
521 3866 582 3901 mox
598 3849 737 3899 laudanda
749 3866 776 3915 p.
788 3847 846 3903 662,
858 3847 922 3900 603:
943 3851 1017 3912 „Les
1030 3849 1151 3911 oracles,
1171 3868 1216 3902 ac·

68 3916 193 3982 complis
207 3931 241 3965 on
254 3933 320 3971 nou.
338 3921 400 3967 n'en
419 3915 523 3969 dtoient
540 3934 590 3984 pes
607 3919 695 3968 moins
712 3918 745 3967 de
764 3917 906 3968 nouvelles
923 3933 1034 3969 sources
1051 3919 1218 3984 historiques

67 3984 107 4037 oo
126 3985 184 4034 l’on
201 3984 306 4049 pnisoit
321 4000 353 4034 ce
371 3985 416 4049 qui
435 3987 511 4036 evoit
528 3986 562 4035 dn
581 3985 639 4035 etro
657 4001 693 4034 un
712 3984 788 4049 objet
806 3985 839 4035 de
852 3985 1001 4036 recherche
1014 3990 1042 4036 et
1054 3986 1168 4036 devenir
1180 4003 1217 4038 un

65 4052 203 4120 principe
216 4052 337 4102 d⁷ection
349 4068 417 4117 pour
429 4054 477 4103 des
490 4051 561 4104 etets
574 4054 678 4103 entiers
691 4069 724 4102 on
736 4068 805 4135 pour
817 4052 865 4103 des
877 4070 1064 4119 personnages
1077 4052 1216 4117 celebres,

66 4125 96 4172 c‘
107 4120 219 4171 etoient
230 4118 279 4170 des
290 4125 381 4171 testes
393 4118 585 4172 d'drdnemens
596 4120 718 4185 toujours
731 4119 851 4172 enoncds
863 4122 932 4172 dans
941 4123 967 4172 le
978 4122 1049 4186 style
1064 4122 1153 4173 favori
1165 4123 1215 4174 des

67 4190 177 4241 Grecs:
198 4187 338 4239 Herodote
351 4204 385 4238 ne
398 4189 510 4254 ponvoit
521 4189 591 4239 donc
604 4189 645 4238 les
657 4204 754 4254 passer
766 4204 828 4240 sons
841 4189 977 4240 silence.“

68 4323 115 4375 “L
130 4252 278 4386 emim
292 4255 424 4306 Creuzer:
448 4257 552 4309 Hister.
571 4258 661 4307 Kunst
673 4257 698 4308 d.
712 4258 821 4308 Griech.
835 4274 861 4322 p.
877 4256 1016 4307 loo-112
1034 4256 1071 4323 (p.
1089 4257 1123 4308 79
1139 4274 1215 4324 seqq.
