2826 5132
267 437 325 497 DE
346 437 452 497 VITA
474 437 531 496 ET
551 436 744 497 SORIPTIS
768 435 1005 496 HERODOTI.
1144 440 1206 502 419

60 608 126 675 rim,
144 607 193 677 qui
214 607 285 678 (rid.
302 607 398 676 Heyse
413 609 431 661 l.
450 609 468 660 l.
486 627 513 678 p.
528 610 563 663 88
579 613 607 661 et
629 609 726 676 longer
748 626 776 677 p.
792 610 838 676 27)
855 609 1026 662 Herodotum
1043 609 1137 679 primis
1160 628 1206 662 co·

58 693 144 759 lonis,
174 693 223 762 qui
238 692 361 745 Thurios
386 711 458 746 anno
473 698 525 747 444
541 710 566 745 ιι.
582 692 649 747 Chr.
673 711 700 745 ιι.
723 693 929 760 discesserunt,
958 695 1097 748 accenseri
1123 713 1206 765 posse

58 784 198 845 negantes
213 777 319 847 aliquot
339 785 404 846 post
418 778 499 831 annis
514 779 542 830 in
559 776 691 830 coloniam
707 778 759 830 iam
773 778 908 832 conditam
928 779 1003 831 illum
1020 797 1051 832 se
1067 780 1206 850 recepisse

57 868 186 931 ponuntr
213 868 244 914 ut
269 863 322 914 iam
339 880 393 915 non
418 863 666 933 quadragenarias,
689 863 738 915 sed
760 863 1018 934 quinquagenarius
1033 865 1117 918 ferme
1141 864 1206 917 illuc

58 947 165 998 abiisse
190 946 332 1013 putandus
358 946 405 1000 sit.
437 948 508 1014 Sed,
534 947 587 1000 alia
603 955 633 1000 nt
658 954 774 1014 taceam,
802 948 906 1001 diserta
920 947 1004 1000 Plinii
1017 956 1045 1001 et
1059 948 1205 1002 Strabonis

58 1031 218 1084 testimonie
248 1048 334 1102 supra
365 1031 445 1084 allata
471 1050 589 1103 prorsus
615 1033 806 1101 refragantur,
839 1034 910 1087 bene
934 1041 1061 1086 monente
1094 1050 1206 1104 quoque

57 1116 199 1169 Voemelio
216 1114 234 1168 l.
253 1115 271 1168 l.
283 1134 312 1185 p.
327 1122 353 1169 7.
369 1119 396 1169 8.
418 1117 516 1187 Itaque
531 1117 760 1187 acquiescendum
776 1124 819 1170 est
836 1118 865 1170 in
886 1135 928 1185 ea,
950 1135 1030 1188 quam
1053 1118 1204 1188 posuimus,

55 1201 208 1271 sententis,
223 1200 402 1269 Herodotum,
419 1202 466 1272 qui
481 1219 553 1255 anno
567 1206 619 1255 444
640 1221 666 1255 a.
682 1203 748 1255 Chr.
772 1221 799 1254 n.
816 1203 939 1255 Thurios
961 1203 1056 1272 utique
1081 1210 1206 1256 cesserat

54 1286 193 1353 colonus,
216 1294 313 1355 postea
334 1287 485 1356 etquidem
507 1288 579 1340 circa
600 1304 701 1339 annum
721 1290 770 1342 431
793 1287 892 1340 iterum
907 1287 935 1339 in
951 1287 1094 1344 Graeciam
1112 1305 1205 1340 rever-

53 1371 126 1424 tisse
144 1386 234 1440 eaque
256 1371 402 1424 occasione
423 1370 543 1425 Athenas
559 1372 676 1425 risisse:
702 1371 775 1441 quod
792 1373 863 1425 idem
878 1371 990 1439 Lysiam
1008 1373 1110 1425 iecisse
1128 1390 1203 1424 acce-

52 1457 156 1526 pimus.
192 1456 313 1508 Athenas
328 1457 416 1524 igitur
431 1454 463 1509 ¹si
477 1457 575 1510 invisit
589 1456 695 1509 Noster
709 1456 781 1509 circa
797 1474 898 1510 annum
914 1460 975 1524 431,
990 1457 1053 1509 belli
1068 1457 1204 1525 Pelopon·

52 1540 163 1594 nesiaci
176 1540 263 1609 initia,
280 1558 351 1611 quae
367 1549 553 1594 commemorat
569 1540 616 1609 lx,
632 1544 665 1595 73
685 1542 745 1609 (ubi
767 1541 822 1594 vid.
840 1544 925 1607 nott.)
949 1542 1044 1594 videre
1069 1542 1204 1594 eiusdem-

49 1644 109 1697 que
135 1624 205 1677 belli
231 1625 299 1678 mala
326 1626 535 1689 &calamitates
552 1643 719 1693 cognoscere
734 1626 841 1696 potuit,
867 1643 936 1697 quas
962 1625 1003 1678 ita
1018 1630 1206 1679 commemorat

50 1711 99 1776 Vl,
120 1714 169 1777 98,
197 1718 228 1762 ut
242 1712 399 1764 accuratius
425 1711 552 1780 cognitas
578 1710 709 1763 habuisse
734 1711 796 1763 illas
812 1711 965 1780 suspiceris
993 1711 1160 1781 longiusque
1175 1712 1203 1763 in

50 1796 114 1864 ipss
129 1795 253 1847 Graecia
270 1805 410 1849 versatum
430 1814 492 1849 esse
507 1796 641 1849 Nostrum
668 1796 833 1848 concludas:
859 1797 954 1866 itaque
982 1795 1061 1848 etiam
1088 1798 1116 1849 in
1138 1796 1204 1848 haec

51 1888 182 1950 tempora
203 1880 293 1949 operia
310 1880 479 1947 Herodotei,
503 1880 576 1951 quod
592 1889 649 1933 tum
663 1887 739 1932 certe
756 1881 843 1948 magis
859 1880 1026 1934 elaboratum
1043 1899 1105 1934 essa
1123 1880 1205 1934 adeo-

54 1982 103 2034 que
132 1962 296 2018 absolutum
323 1967 383 2019 lere
405 1966 516 2033 debuit,
541 1966 729 2018 recitationem
751 1965 867 2017 Athenis
895 1968 994 2018 iactam
1019 1984 1035 2019 a
1062 1964 1204 2019 nonnullis

55 2050 117 2102 riris
134 2049 233 2102 doctis
252 2049 371 2119 relegari
387 2067 474 2121 supra
490 2050 622 2104 vidimus:
648 2050 693 2102 cui
713 2049 835 2120 opinioni
851 2068 921 2121 quae
939 2053 1065 2120 obstant,
1086 2050 1125 2103 ibi
1152 2051 1204 2102 iam

53 2133 282 2203 significavimus.

595 2340 621 2402 s.
637 2340 663 2391 o.

137 2491 220 2553 Quae
242 2498 386 2559 praeterea
400 2489 542 2542 Herodoto
562 2488 712 2541 acciderint
734 2495 762 2540 et
782 2489 872 2559 qualis
891 2489 976 2541 suerit
997 2490 1070 2543 vitae
1091 2506 1201 2557 cursus,

59 2591 91 2625 ex
113 2592 168 2643 qno
181 2573 305 2628 Thurios
328 2579 464 2641 cesserat,
486 2574 568 2643 plane
588 2574 757 2641 ignoramus,
780 2590 839 2626 cum
857 2572 924 2626 nihil
941 2575 1089 2645 quidquam
1109 2575 1143 2627 de
1159 2574 1201 2627 his

63 2657 124 2709 alibi
147 2659 274 2712 traditum
294 2667 384 2712 sumet
409 2667 437 2711 et
461 2676 548 2729 pauca
562 2665 667 2712 tantum
693 2658 831 2728 exipsius
851 2658 986 2711 Herodoti
1007 2658 1120 2729 scriptis
1135 2677 1201 2711 con-

63 2740 161 2795 iectori
180 2744 274 2813 potius
292 2744 403 2814 assequi
425 2742 515 2796 liceat.
550 2743 606 2807 Qut
628 2760 688 2796 cum
710 2744 853 2796 occasione
876 2743 966 2796 oblata
992 2743 1124 2796 nonnulla
1144 2751 1200 2796 tra·

63 2825 112 2893 det,
134 2846 207 2899 qnae
231 2830 265 2880 ad
292 2831 399 2881 seriora
423 2830 581 2898 pertineant
594 2836 727 2898 tempora,
753 2828 817 2881 lnde
840 2828 1035 2898 consequitur,
1060 2846 1200 2898 eousque

59 2910 125 2966 illan
140 2913 303 2967 extendisse
319 2914 411 2966 vitam.
444 2913 590 2966 Pertinent
613 2915 687 2981 haec,
710 2930 781 2984 quae
796 2930 882 2983 supra
897 2914 947 2966 iam
968 2913 1110 2981 attigimus
1124 2920 1149 2981 5.
1173 2918 1199 2980 4,

57 2998 152 3051 adres
175 3016 250 3051 anno
268 3002 315 3053 431
334 3017 358 3052 s.
379 3001 432 3053 430
446 3015 535 3068 usqne
553 3001 587 3051 ad
607 3016 706 3052 annum
730 3000 781 3052 425
797 3004 861 3050 ante
881 2997 946 3050 Chr.
965 3016 992 3050 ιι.
1012 2999 1072 3050 fere
1088 3004 1199 3065 gestas,

54 3099 141 3156 seque
170 3084 244 3136 enirn
265 3084 299 3136 ad
318 3100 418 3136 annum
441 3086 493 3137 408
517 3099 606 3153 usque
625 3085 756 3136 Nostrum
778 3083 861 3135 vitam
878 3082 1037 3136 extendisse
1052 3083 1198 3150 credimus,

52 3176 81 3219 at
107 3169 173 3221 olim
193 3168 291 3221 elocis
308 3169 330 3235 l,
350 3170 399 3223 130
415 3175 443 3220 et
459 3167 510 3233 ΙΙΙ,
534 3171 565 3222 15
586 3168 656 3221 salso
682 3168 830 3221 intellectis
856 3169 975 3238 probare
1002 3168 1092 3220 conati
1119 3174 1200 3220 erant

51 3252 101 3305 riri
116 3254 212 3319 docti3
229 3270 319 3323 neque
337 3252 411 3305 aliud
429 3253 500 3304 vitae
517 3252 627 3321 longius
643 3253 793 3323 productae
806 3253 951 3320 vestigium
963 3252 992 3304 in
1007 3270 1089 3322 opere
1101 3268 1197 3321 super·

53 3338 113 3391 stite
136 3338 285 3404 invenias,
309 3338 363 3391 nisi
379 3338 431 3390 huc
450 3338 555 3390 referre
576 3339 646 3391 uelis
661 3337 747 3390 locum
765 3336 825 3403 Vll,
847 3340 906 3403 170,
926 3338 972 3388 nbi
990 3335 1096 3402 clades,
1119 3351 1198 3405 quam

53 3419 199 3476 Tarentini
213 3422 291 3492 passi
304 3428 380 3488 sunt,
396 3422 511 3474 omniura
529 3423 642 3475 maxime
656 3422 730 3474 inter
748 3423 871 3474 Graecos
887 3421 975 3472 inisse
993 3420 1110 3472 dicitur:
1127 3411 1197 3473 ὥστε

49 3501 316 3577 φόνοςἙλΙηνικός
335 3503 501 3577 μέγιστος
523 3496 628 3568 οὗτος
655 3501 695 3575 δι’]
718 3500 858 3574 ἐγένετο
879 3507 947 3559 τῶν
969 3497 1071 3573 ἡμεῖς
1096 3504 1198 3572 ἴδμεν

47 3611 73 3645 ιι.
90 3613 116 3650 τ.
133 3597 176 3646 L:
189 3610 261 3662 quae
278 3593 360 3645 verba
375 3593 545 3645 Herodotum
562 3593 606 3644 vix
623 3592 744 3644 scribere
759 3590 884 3660 potuisse
901 3590 1034 3656 existimo,
1054 3589 1078 3640 si
1095 3607 1196 3657 cogno·

46 3677 137 3730 visset
153 3677 257 3731 cladem
272 3678 419 3747 maximam,
438 3693 517 3747 quam
532 3678 559 3729 in
575 3676 668 3729 Sicilia
683 3676 865 3727 Athenienses
884 3693 956 3727 anno
973 3677 1023 3728 413
1043 3690 1067 3726 a.
1085 3672 1150 3726 Chr.
1168 3692 1195 3726 ιι.

47 3762 180 3833 perpessi
196 3769 272 3829 sunt,
292 3762 452 3833 praesertim
468 3778 526 3814 cum
540 3760 748 3815 Atheniensium
766 3761 849 3811 rebus
865 3765 967 3811 tantam
983 3775 1074 3811 curam
1091 3759 1197 3811 Noster

47 3846 229 3917 inpenderit,
253 3853 284 3899 ut
307 3850 390 3900 verbo
417 3854 491 3900 certe
514 3847 597 3900 huius
619 3845 728 3898 Siculae
745 3843 830 3896 cladis
846 3844 1008 3896 mentionem
1024 3844 1152 3911 iecisset,
1171 3843 1195 3894 si

47 3949 103 3985 can
120 3932 263 4001 cognitam
283 3930 339 3984 ullo
354 3933 433 3985 modo
452 3931 596 3984 habuisset
604 3929 642 3999 *).
678 3930 774 3992 Quare
789 3930 839 3981 hoc
853 3928 915 3999 ipso
937 3946 1009 3982 anno
1025 3927 1195 3980 Herodotum

47 4017 72 4068 in
90 4018 172 4071 viris
187 4034 242 4069 non
262 4017 378 4088 amplius
394 4018 483 4070 inisse
502 4016 638 4069 arbitror:
660 4015 755 4085 itaque
771 4020 835 4067 ante
851 4031 950 4067 annum
965 4016 1016 4068 418
1035 4030 1060 4065 a.
1079 4013 1145 4065 Chr.
1167 4031 1193 4064 ιι.

112 4233 142 4299 ²)
165 4234 256 4296 Quare
276 4235 360 4285 otiam
386 4233 520 4283 accedere
543 4247 597 4283 non
614 4246 723 4298 possum
745 4231 919 4282 Dahlmanno
942 4228 1080 4295 (Herodot
1105 4244 1131 4293 p.
1156 4225 1190 4275 38

45 4303 121 4370 seq.)
148 4308 180 4352 et
198 4302 378 4353 Groteiendio
397 4300 577 4367 (Geschichte
596 4315 621 4349 u.
641 4299 797 4365 Gcoqraph.
815 4315 868 4350 uon
886 4297 1033 4348 Altitalian
1051 4297 1072 4346 Ι.
1091 4311 1117 4360 p.
1136 4294 1191 4357 34),

45 4375 92 4437 qui
110 4369 285 4420 Herodotum
303 4369 374 4420 haec
392 4369 479 4420 rerba
497 4369 642 4433 scripsisse
666 4372 765 4432 putant
789 4372 855 4416 ante
872 4366 945 4416 hanc
964 4366 1051 4429 ipsam
1070 4361 1192 4411 cladem:

45 4455 130 4506 quam
151 4438 180 4487 si
197 4443 293 4501 postea
310 4437 497 4502 cognovisset,
517 4441 592 4485 carta
610 4435 647 4497 id,
667 4436 775 4500 opinor,
794 4434 954 4485 indicasset.

920 4514 988 4580 27*
