2984 5154
197 360 216 419 6
636 342 903 406 HERODO'I'I

199 531 284 613 ἐστι,
308 521 376 617 ὅσῳ
399 521 539 610 πόλεμος
564 513 706 610 εἰρήνης.
748 513 975 605 Ἐπιστιέμενοι
1000 503 1048 582 civ
1066 508 1147 582 αὐτὸ
1164 515 1261 582 τοῦτο
1279 508 1342 581 οὐκ

198 625 406 713 ἀντέτεινον,
431 619 505 693 ‹ilt'
527 622 634 707 εἶκον,
658 623 753 710 μέχρι
771 615 853 689 ὅσον
871 615 975 704 κάρτα
994 618 1125 685 ἐδέοντο
1143 611 1271 701 αὐτῶν,
1297 609 1341 695 ὦς

200 733 359 812 διέδεξαν.
395 721 439 806 ὦς
463 722 525 814 γὰρ
545 722 586 812 δὴ
605 720 771 812 ὠσάμενοι
794 717 852 790 τὸν
870 721 1007 806 Πέρσην
1030 719 1106 807 περὶ
1129 719 1187 804 τῆς
1212 719 1342 786 ἐκείνου

200 830 265 920 ἤδη
293 828 351 900 τὸν
375 825 490 917 ἀγῶνα
514 829 701 909 ἐποιεῦντο,
733 820 901 911 πρόφασιν
930 817 992 907 τὴν
1016 825 1219 889 Παυσανίεω
1241 815 1343 908 ὕβριν

199 929 450 1024 προϊσχόμενοι,
475 925 649 998 ἀπείλοντο
666 923 729 1014 τὴν
745 920 927 1014 ἡγεμονίην
949 918 1026 1003 τούς
1044 926 1341 1010 Λακεδαιμονίους.

199 1031 283 1105 ἀλλὰ
300 1036 405 1103 ταυτα
422 1032 484 1121 μὲν
501 1026 643 1120 ὕστερον
662 1030 803 1117 ἐγένετο.

201 1201 271 1268 quod
289 1216 322 1250 ex
339 1199 457 1249 omnium
476 1193 664 1260 (Graecorum)
683 1210 746 1244 con·
799 1185 980 1256 διωσάμενοι.
1016 1190 1039 1237 Ε
1053 1189 1132 1240 libris
1149 1190 1260 1254 scriptis
1274 1187 1344 1238 nihil

200 1283 284 1320 sensu
313 1266 456 1331 (adversus
481 1264 600 1325 exteros)
625 1267 745 1329 geratur,
799 1262 959 1311 adnotatum
973 1258 1202 1377 reperimitaque
1216 1257 1326 1307 retinui.

201 1342 304 1403 quanto
326 1337 406 1400 peior
440 1334 477 1385 sit
500 1333 561 1397 ipsa
584 1348 639 1397 pax
663 1330 745 1380 hello.
832 1324 980 1392 περὶτῆς
1014 1324 1122 1391 κείνου]
1146 1325 1345 1390 Minimeopus

202 1406 280 1466 Qtrne
293 1408 389 1469 sponte
402 1402 431 1452 iu
443 1401 601 1451 memoriam
615 1402 748 1449 revocant
799 1412 860 1445 cum
871 1395 958 1446 Galeo
972 1395 1108 1457 corrigere
1121 1389 1187 1457 περὶ
1199 1391 1260 1459 γῆς
1274 1383 1345 1443 dael-

201 1471 319 1522 similem
332 1470 511 1529 senteutiam,
526 1483 609 1532 supra
622 1468 647 1523 Ι,
660 1464 693 1515 81
708 1466 745 1513 ο1-
799 1479 860 1523 νου,
874 1463 1092 1528 quandoquidem
1104 1461 1205 1512 vocula
1215 1459 1251 1527 χὴ
1263 1461 1290 1510 iu
1303 1467 1344 1509 ta-

201 1541 287 1590 latam
305 1542 388 1603 atqu'e
406 1554 423 1587 a
441 1537 561 1585 b'tobaeo
580 1535 685 1597 (Ilelog.
704 1533 746 1594 55,

203 1608 244 1667 10)
275 1612 426 1656 servatam:
457 1594 554 1680 μῦὃείς
574 1596 634 1679 ’γὰρ
658 1590 748 1679 οὕτως·

201 1665 325 1738 ἀνόητός
343 1665 432 1727 ἔστιν.
456 1685 531 1729 corte
548 1671 675 1735 πολεμον
692 1684 748 1731 προ

202 1736 319 1807 εἰρήνης
329 1734 464 1802 αίρέεται.
479 1740 544 1804 Ipsa
554 1739 669 1788 locutio:
684 1730 747 1787 στοί-

202 1824 245 1868 σις
258 1804 384 1875 ἔμφυλος
396 1807 468 1857 haud
481 1807 540 1857 scio
554 1822 589 1856 au
604 1807 638 1855 sd
652 1808 748 1870 poetas

201 1878 356 1945 pertineat,
370 1876 392 1926 si
406 1876 516 1941 quidem
529 1875 593 1924 Solo
607 1875 635 1923 in
647 1874 749 1937 Elegia

201 1945 259 2004 illa,
274 1960 356 2009 quam
368 1944 490 1992 servavit
500 1942 702 1992 Demosthenes
714 1941 747 1989 de

204 2013 267 2063 fals.
279 2011 364 2075 legat.
377 2013 399 2075 ᾗ.
411 2010 559 2074 ‘sospem
573 2009 637 2071 (vid.
646 2008 748 2071 Bergk.

203 2082 294 2131 Poett.
313 2079 422 2141 Lyricc.
437 2078 553 2126 Graece.
572 2094 598 2141 p,
613 2076 662 2126 331
679 2076 749 2139 seq.)

202 2162 243 2198 vs.
271 2145 301 2225 19
331 2140 457 2195 στάσιν
486 2138 643 2208 ἔμφυλον
668 2137 748 2192 πόλε-

202 2208 283 2280 μὸνθ
303 2214 381 2273 dixit,
397 2212 467 2277 quod
480 2217 622 2276 utrumque
637 2211 750 2261 coniun-

202 2284 242 2333 xit
255 2297 361 2347 quoquo
375 2280 475 2344 Pythia
492 2280 520 2328 iu
533 2279 658 2337 oraculo,
678 2279 749 2342 quod

204 2350 277 2415 apud
289 2349 461 2398 Athenaeum
475 2348 542 2406 XII,
560 2346 597 2395 18.
614 2364 639 2412 p.
653 2346 704 2395 520
716 2346 747 2396 B.

204 2425 232 2468 et
244 2417 412 2481 Stephanum
423 2415 570 2480 Byzantin.
583 2430 604 2464 s.
616 2431 642 2462 v.
653 2407 748 2479 Σύβα-

203 2501 247 2549 ρις
264 2485 375 2547 legitur.
411 2483 490 2533 Unde
509 2474 605 2539 στάσις
623 2476 749 2547 ἔμφυλος

204 2553 277 2671 acpud
290 2551 539 2669 liaplslauingffllhIl
554 2551 613 2665 ipgt.
629 2558 656 2600 ct
666 2552 747 2599 Ilion.

228 2636 281 2671 ass.
378 2656 384 2679 ,
433 2656 439 2668 .
540 2656 545 2671 .
595 2658 601 2669 .

236 2682 318 2753 μέχρι
332 2676 400 2737 ὅσου
413 2678 504 2751 ια’ρτα
515 2678 630 2737 ἐδέοντο
644 2674 748 2749 αὐτῶν]

203 2758 221 2806 i.
242 2773 265 2806 c.
285 2756 454 2806 Athenienses
471 2760 613 2815 cesserunt,
633 2755 750 2818 quuurdtu

202 2824 252 2873 illis
266 2822 391 2886 (reliquis
404 2821 463 2871 scil.
478 2822 614 2871 Graeciae
627 2821 750 2869 civitati·

203 2890 263 2952 bus)
281 2905 434 2968 νιιχηιιομνντ
446 2888 601 2953 ιἰιᾱίμοόανι.
637 2888 750 2937 Itetinui

203 2952 750 3087 1311ιὲ111113111313ῗέ1313Ὗέ

204 3079 251 3151 οὖ,
271 3092 304 3143 de
318 3106 372 3156 qrru
385 3092 494 3141 dicendi
508 3040 626 3141 teudula
642 3039 750 3140 vindil-

204 3161 263 3210 lata
276 3160 310 3210 ad
323 3160 345 3221 I,
362 3158 405 3208 181
423 3165 450 3208 et
462 3160 535 3209 couf.
551 3175 598 3219 eu,
618 3172 688 3222 quae
701 3173 750 3206 nu-

204 3244 253 3293 per
274 3227 405 3276 disseruit
427 3228 459 3276 n.
482 3227 514 3279 A.
535 3226 659 3276 I'ritsch:
684 3226 749 3275 Ver·

204 3296 305 3360 gleich.
317 3294 459 3345 Bearbeit.
478 3295 503 3347 d.
524 3294 633 3345 Grisch.
655 3309 679 3343 u.
696 3295 749 3343 La·

204 3364 271 3413 teia.
285 3362 430 3413 Partilrcln
443 3363 477 3412 11.
491 3380 517 3427 p.
534 3362 588 3413 103.
618 3364 660 3411 De
673 3362 750 3412 vocis

203 3427 285 3497 μέχρι
304 3432 393 3480 tonna
412 3430 484 3495 apud
498 3430 666 3481 Herodotum
680 3446 749 3479 sem·

204 3516 252 3565 per
275 3500 372 3561 obvia,
397 3499 509 3548 abiecta
529 3498 613 3547 litere
628 3498 657 3558 ἆ,
681 3498 750 3547 <lixis

202 3567 321 3616 Bredov.
343 3583 406 3631 pag.
426 3565 484 3614 110.
520 3566 560 3615 Ad
581 3567 666 3615 rerba
688 3582 748 3629 pro·

203 3635 278 3684 xima
301 3624 338 3691 cie
361 3629 496 3696 διέδεξαν
518 3635 556 3683 ci.
574 3640 643 3684 nott.
662 3635 697 3683 ad
715 3634 747 3695 V,

207 3701 254 3750 124
268 3706 294 3750 et
308 3702 366 3763 Vll,
384 3701 439 3752 172.
476 3702 540 3751 Mox
559 3719 573 3751 e
589 3701 749 3752 Florentino

204 3769 362 3833 duobusque
387 3770 450 3819 aliis
472 3771 600 3820 revocavi
624 3786 683 3819 cum
707 3786 749 3819 re-

205 3842 289 3889 ccutt.
306 3837 366 3886 edd.
388 3831 514 3901 Πέρσην.
538 3854 618 3902 qumn
635 3840 749 3887 formam

205 3904 358 3954 accusativi
372 3905 407 3954 uh
425 3906 565 3955 Herodoto
578 3921 687 3970 semper
704 3906 750 3955 ad·

203 3972 295 4022 hiberi
307 3974 470 4022 monstravit.
482 3974 599 4023 Bredov.
612 3990 676 4038 pag.
688 3974 747 4035 228,

203 4056 252 4106 pro
269 4039 343 4105 vulg.
366 4033 490 4103 Πέρσεοω
511 4042 581 4091 idem
603 4041 657 4091 feci
677 4042 750 4090 inira

204 4108 276 4164 VIII,
293 4107 348 4157 108.
366 4108 420 4157 lod.
441 4109 520 4159 Cous.
535 4110 618 4159 etism
632 4114 699 4158 nott
715 4109 750 4158 ad

204 4176 282 4236 VIII,
295 4176 319 4224 2.
336 4175 374 4225 15.
413 4176 545 4226 Voculam
560 4171 611 4244 δὴ,
627 4192 697 4241 quae
711 4177 749 4227 lo·

225 4243 279 4294 itur
291 4245 395 4293 inserta
405 4248 466 4308 post
475 4235 513 4302 ὥς
525 4237 587 4309 γαρ,
600 4245 751 4295 omiserunt

204 4259 335 4376 {elehem
347 4312 473 4363 Dindori.
485 4318 514 4363 et
523 4313 690 4374 Dietschius,
703 4313 752 4377 qui

799 1532 871 1581 libus
884 1531 1043 1596 plerumque
1062 1531 1207 1589 reticetur,
1227 1536 1257 1578 ut
1268 1530 1345 1591 VIII,

798 1599 906 1659 111011,
920 1614 955 1648 nc
967 1599 1046 1663 plura
1059 1596 1172 1647 afferam
1183 1598 1211 1646 in
1222 1613 1252 1647 re
1265 1612 1345 1648 sanc-

800 1683 880 1745 quam
893 1667 1045 1717 notissime.
1073 1665 1243 1729 Intelligitur
1254 1672 1345 1715 autem

801 1753 818 1801 η
832 1727 944 1786 ἐκείνου
953 1734 1120 1783 terraXerxi
1130 1733 1248 1795 subdita,
1264 1734 1346 1798 inpri-

800 1803 850 1853 mis
870 1803 938 1853 Asia
961 1803 1058 1852 minor.
1088 1801 1241 1851 Schoellius
1258 1801 1345 1850 Thra·

801 1873 863 1920 ciac
877 1877 905 1920 et
918 1871 1002 1920 Asiae
1015 1870 1127 1919 minoris
1141 1885 1215 1918 orum
1229 1870 1347 1918 Graecis

801 1939 917 1989 coloniis
930 1954 947 1987 a
960 1938 1106 1987 Persarum
1120 1936 1261 1987 dominatu
1276 1936 1346 1986 libe-

802 2006 895 2056 randis
908 2005 1041 2071 repletam
1056 2006 1156 2070 respici
1168 2009 1255 2070 putat.

835 2070 982 2138 πρόφασιν
999 2069 1052 2139 τήν
1069 2071 1240 2123 Παυσανίεω
1261 2061 1347 2134 ὕβριν

801 2137 1015 2225 προϊσχόμενοι]
1040 2142 1140 2216 „sptis
1162 2145 1223 2191 crat
1246 2141 1347 2190 dixisse

801 2204 855 2276 τὴν
876 2208 1049 2260 Παυσανίεω
1072 2208 1157 2274 υβριν
1179 2200 1346 2273 προϊσχόμε-

801 2293 859 2338 νοι,
874 2284 904 2327 ut
914 2279 962 2328 Ιιοο
974 2280 1064 2327 illudne
1075 2284 1234 2341 praetexere
1247 2277 1348 2325 dicitur

801 2340 981 2410 προέχεσθαί
992 2363 1031 2394 ιιι
1051 2346 1101 2394 scd
1113 2346 1235 2395 scribere
1248 2345 1348 2394 Noster

800 2414 899 2463 maluit
922 2406 1070 2477 πρόφασιν
1093 2407 1286 2477 προσχέσθαι,
1317 2419 1349 2462 ut

800 2482 852 2544 IV,
869 2480 916 2530 1115
929 2480 986 2546 [ουί
1000 2482 1055 2531 vid.
1070 2486 1136 2530 nott.
1161 2481 1230 2530 Add.
1242 2481 1279 2543 V,
1293 2478 1346 2546 33]

801 2550 846 2609 VI,
864 2549 940 2599 l3i.“
979 2551 1006 2599 V
1008 2548 1132 2599 alelen.

834 2607 988 2667 α’πείλσντο
1017 2611 1071 2682 την
1098 2607 1258 2682 ἡγεμονίην
1281 2609 1349 2674 τούς

801 2683 1060 2751 Λακεδαιμονίους]
1084 2686 1126 2734 De
1145 2690 1283 2734 structura
1303 2701 1349 2735 vo-

802 2753 843 2802 cis
860 2746 1053 2815 ιὶφαιρεῖσθαι
1076 2755 1102 2802 V
1105 2752 1284 2807 alclsencr„
1309 2755 1348 2802 ci·

803 2826 865 2869 taus
875 2819 962 2883 vl‚70
971 2820 1028 2883 (ubi
1039 2821 1111 2870 coni.
1121 2822 1201 2882 nott.)
1212 2827 1240 2869 et
1250 2821 1347 2870 Thom.

802 2888 912 2951 Magist.
928 2903 949 2937 s.
963 2906 988 2938 v.
1002 2906 1027 2953 p.
1042 2887 1104 2949 130,
1124 2889 1193 2938 haec
1212 2889 1349 2953 adipsum

803 2961 992 3019 argumentum
1007 2956 1061 3006 loci
1071 2957 1231 3021 spectantia
1244 2956 1350 3006 adscri-

802 3022 870 3088 psit:
889 3024 1011 3083 „Evenit
1024 3024 1073 3073 illa
1086 3040 1129 3074 res
1145 3024 1264 3073 triennio
1277 3030 1348 3089 post,

802 3090 846 3139 01.
859 3091 967 3151 LXXV,
980 3093 1005 3141 1.
1021 3090 1089 3157 [slve
1102 3093 1151 3141 117
1166 3098 1231 3142 unte
1244 3092 1308 3142 Chr.
1320 3108 1348 3143 u.

802 3158 864 3208 Vid.
889 3158 1009 3208 Clinton.
1038 3162 1113 3211 Fast.
1134 3160 1208 3209 Hell.
1232 3175 1297 3225 pag.
1315 3159 1349 3209 32

803 3226 844 3275 ed.
853 3225 1006 3292 Kruegcr.].
1022 3228 1205 3278 Athenienses
1214 3234 1270 3277 turn
1280 3234 1349 3277 tenr-

801 3294 875 3359 poris
892 3295 1019 3371 dicuntur
1030 3296 1185 3361 Thucydidi
1198 3297 1223 3358 I,
1242 3294 1276 3344 att
1294 3312 1349 3345 πα-

802 3361 974 3427 ραίαβσντες
986 3356 1039 3429 τὴν
1051 3356 1212 3429 ἡγεμονίαν
1224 3355 1350 3415 έιιόντων

801 3429 857 3480 ταῖν
879 3423 1033 3496 ξυμμάχων
1057 3425 1106 3483 sut
1127 3425 1159 3481 τὰ
1177 3430 1350 3482 Παυσανίου

800 3500 890 3563 μῖσος.
919 3499 1049 3564 Spartani
1068 3501 1176 3564 quidem
1189 3501 1349 3551 Pausaniae

801 3565 982 3628 περσίζοντος
999 3568 1129 3633 superbis
1147 3569 1237 3618 socios
1256 3569 1349 3618 irrita-

801 3637 854 3695 vit3
873 3636 922 3685 sed
940 3636 974 3684 ad
994 3637 1136 3701 imperium
1153 3637 1181 3687 in
1197 3636 1349 3686 Athenien·

801 3718 846 3753 ses
857 3704 1078 3753 transferendum
1089 3710 1214 3754 caeteros
1225 3704 1349 3754 Graecos

802 3772 930 3835 aequitas
954 3773 1124 3836 potissimum
1147 3774 1233 3821 movit
1249 3773 1348 3823 Aristi·

801 3839 857 3887 dis:
878 3839 986 3890 Corucl.
1001 3840 1093 3906 Nepos
1110 3841 1139 3889 in
1154 3839 1266 3889 Aristid.
1285 3857 1308 3888 c.
1322 3842 1348 3890 2.

803 3905 863 3955 Vid.
882 3914 910 3957 ct
922 3908 1035 3957 Diodor.
1053 3909 1105 3969 XI,
1119 3909 1164 3969 11,
1184 3909 1228 3972 ηιιί
1244 3924 1304 3973 cap.
1314 3908 1350 3958 16

802 3980 945 4039 utnrmque
964 3982 1097 4025 memorat
1114 3981 1142 4026 et
1153 3977 1297 4025 Pausaniae
1314 3980 1350 4026 oi-

801 4042 852 4099 tia,
877 4045 1002 4093 Aristidis·
1024 4051 1106 4093 rudem
1128 4048 1238 4093 virtutes
1252 4044 1349 4105 secisse

802 4110 912 4173 scribit,
926 4105 1036 4169 πάντας
1048 4100 1142 4174 ὥσπερ
1153 4102 1212 4161 α’πό
1225 4111 1292 4171 μιᾶς
1304 4102 1349 4172 ὀρ-

801 4176 857 4242 μῇς
874 4171 1028 4229 α’ποιιλῖναι
1047 4172 1117 4240 πρὸς
1134 4171 1200 4236 τούς
1216 4167 1345 4243 Ἀθηναῖ-

802 4260 852 4302 ους
871 4256 952 4322 atque
971 4247 1041 4297 adeo
1058 4247 1240 4297 Athenienses
1263 4244 1349 4327 χωρὶς

802 4312 941 4367 κινδυνου
952 4313 1133 4382 παραλαβεῖν
1142 4309 1196 4381 τὴν
1207 4330 1281 4365 serta
1291 4308 1349 4365 θά-
