2866 5134
239 360 301 421 4611
648 352 965 414 ΟΟΜΜΕΝΤΑΤΙΟ

238 545 298 580 suru
316 526 457 596 disputata
472 526 613 595 videntur,
635 526 674 578 ita
692 525 800 593 laegeri
814 525 885 578 illam
907 527 1083 593 sententiam,
1106 544 1160 597 qua
1175 530 1264 581 Carion
1277 527 1351 579 Hero·

238 613 330 665 dutum
347 612 487 664 contendit
502 628 581 664 usum
601 630 662 664 esse
680 611 811 679 dialecto,
833 629 887 663 non
905 612 1006 677 habeo,
1023 613 1125 681 quibus
1142 612 1286 665 accuratius
1299 629 1351 681 pro·

237 698 306 763 bem,
322 716 373 749 uec
394 697 480 765 magis
497 696 565 749 illud
580 697 763 766 probaverim,
779 694 852 765 quod
870 697 967 749 Carica
986 697 1035 747 hac
1052 697 1166 750 dialecto
1181 698 1353 766 Hippocratem

238 790 265 836 et
286 781 471 851 logographos
491 799 557 834 usos
576 800 638 834 esse
660 781 706 833 alii
728 781 939 848 contenderunt,
967 798 1026 833 cum
1046 789 1176 851 quattuor
1196 781 1239 834 illa
1258 781 1352 833 lonismi
1414 792 1416 819 ³

237 884 349 937 genera,
365 884 436 937 quae
454 865 613 919 Herodotus
628 867 687 935 ipse
705 866 722 918 1.
738 866 756 918 1.
772 865 884 932 indicat,
899 865 1063 921 adlocornm
1079 866 1260 919 diversitatem
1275 865 1353 935 potius

237 951 431 1024 pertinuerint,
446 967 525 1020 quam
539 951 573 1002 ad
584 968 641 1003 eam
656 950 765 1003 dicendi
773 952 892 1018 formam,
906 968 969 1020 qna,
984 951 1032 1021 qni
1044 951 1205 1019 scriberent,
1218 957 1353 1004 uterentur.

206 1074 211 1079 -
238 1039 278 1090 Αο
292 1054 359 1089 sane
374 1036 486 1087 maxime
502 1027 631 1088 credibile
650 1038 694 1105 lit,
714 1036 747 1088 ad
768 1035 997 1105 logographorum
1018 1036 1139 1106 proxime
1159 1036 1354 1089 antecedentium

237 1122 370 1176 rationem
386 1120 484 1173 Nostri
499 1137 649 1174 sermonem
673 1122 788 1191 propius
805 1121 970 1185 accessisse,
992 1121 1116 1191 adeoque
1140 1123 1189 1174 hac
1208 1121 1265 1192 ipsa
1276 1120 1355 1173 lonicu

238 1206 352 1259 dialecto
375 1213 406 1257 ut
426 1206 561 1258 scriberet
576 1206 708 1262 Nostrum
728 1224 759 1259 eo
777 1212 936 1258 commotum
958 1206 1061 1272 luisse,
1078 1208 1153 1276 quod
1170 1207 1216 1278 qui
1230 1205 1354 1258 antecede

237 1299 301 1344 rent
313 1290 484 1359 logographi,
500 1309 548 1344 eos
566 1291 616 1343 hac
633 1291 748 1344 dialecto
765 1308 831 1343 usos
854 1291 1061 1357 escendisset,
1078 1300 1109 1343 ut
1126 1300 1199 1345 recte
1216 1289 1356 1361 pronuntiat

238 1374 382 1443 Goettling
406 1375 433 1427 io
451 1375 571 1428 Praelat.
598 1375 761 1429 adHesiod.
791 1393 854 1446 pag.
873 1375 970 1428 XXXI.
992 1375 1035 1429 ed.
1056 1377 1170 1429 secund.
1203 1377 1355 1445 ltaquecum

238 1459 376 1513 Bredoaio
391 1477 455 1531 pag.
472 1464 497 1514 a.
519 1463 551 1515 10
572 1461 695 1514 existimo
714 1461 872 1515 adhibuisse
894 1479 949 1514 non
967 1460 1077 1517 localem
1092 1460 1209 1533 aliquam
1223 1460 1356 1521 dialectum,

238 1545 334 1615 quales
351 1546 467 1599 luerunt
481 1554 613 1615 quattuor
627 1547 661 1598 ab
685 1547 747 1615 ipso
763 1546 904 1600 Herodoto
921 1557 1159 1619 commemoratae,
1186 1547 1253 1613 „sed
1278 1544 1356 1614 potius

237 1647 423 1698 „communem
443 1632 578 1700 quandam
598 1630 720 1700 priorum
735 1631 978 1702 (logographorum
1004 1639 1052 1684 aut
1066 1632 1228 1701 scriptorum
1241 1630 1267 1683 in
1282 1645 1356 1682 rerum

237 1716 439 1785 „monumentis
456 1716 650 1786 componendis
665 1719 851 1785 versaturum)
874 1717 986 1786 scriptis
1003 1717 1055 1770 iam
1073 1719 1264 1771 conformatam
1279 1714 1355 1767 litera

237 1802 324 1869 „riam
339 1800 419 1870 quasi
437 1800 580 1854 dialectum
597 1802 729 1868 lonicum,
745 1819 815 1871 quae
829 1818 878 1872 pro
894 1802 986 1855 indole
1004 1809 1033 1854 et
1049 1810 1150 1855 natura
1165 1800 1281 1855 cuiusvis
1301 1796 1355 1850 scri·

238 1886 356 1956 „ptoris‚
374 1903 424 1955 pro
436 1893 606 1954 argumento,
626 1888 700 1957 quod
718 1888 771 1940 sibi
786 1887 904 1957 quisque
919 1888 1090 1940 tractandum
1104 1886 1229 1957 sumpsit,
1244 1884 1312 1937 aliam
1323 1883 1355 1934 iu·

238 1972 360 2039 „duebat
382 1972 510 2023 faciem.“
551 1971 590 2024 Ac
613 1972 681 2024 nibil
703 1973 830 2039 dubium,
855 1971 938 2041 quin,
961 1989 1016 2042 qua
1039 1979 1131 2027 aetate
1156 1967 1354 2041 paterhistorisc

238 2056 359 2124 scripsit,
375 2056 471 2110 lorium
487 2055 620 2109 dialectos
636 2058 747 2111 maxime
769 2057 842 2110 culta
858 2063 886 2109 et
900 2064 1054 2127 propagata
1068 2057 1164 2125 luerit,
1180 2057 1251 2109 unde
1265 2056 1352 2116 factuu,

239 2148 269 2193 ut
285 2148 313 2193 et
326 2140 487 2194 Herodotus
505 2148 533 2193 et
547 2142 592 2193 alii
606 2141 652 2193 illa
667 2148 812 2195 uterentur
823 2142 1018 2213 quodammodo
1035 2161 1152 2196 necesse
1168 2136 1283 2207 cssetl).
1298 2137 1351 2189 Hiut

238 2226 281 2278 vel
295 2227 458 2294 Hellanicus,
474 2228 522 2296 qui
539 2226 673 2279 Herodoti
690 2245 794 2297 suppar
810 2235 949 2295 censetur,
965 2227 1084 2280 Ionicum
1096 2226 1241 2280 dialectum
1255 2227 1279 2278 io
1292 2218 1348 2274 libris

239 2312 299 2363 suis
328 2310 493 2379 praetulisse
515 2312 641 2380 videtur3
666 2313 769 2383 quippe
794 2313 874 2364 cuius
897 2311 924 2364 in
953 2312 1114 2380 fragmentis
1139 2313 1227 2365 adbuc
1246 2306 1349 2381 quaedum

238 2413 386 2464 superesse
412 2396 508 2449 dicunt
532 2396 619 2449 Ionici
645 2397 778 2451 sermonis
810 2392 998 2465 vestigis**);
1029 2398 1096 2468 quid
1128 2397 1202 2467 quod
1232 2388 1352 2461 maesti

238 2480 368 2533 historias
397 2481 489 2535 eodem
515 2482 610 2534 Ionum
637 2500 763 2536 sermone
789 2482 961 2552 conscriptas
995 2500 1059 2535 esse
1084 2483 1116 2535 fit
1144 2474 1353 2552 probabile*”Jl

238 2584 399 2636 quamquam
417 2585 450 2618 ex
466 2568 536 2636 ipsis
548 2568 718 2635 fragmentis,
734 2584 803 2636 quae
820 2568 853 2620 ad
868 2567 1015 2621 communis
1031 2567 1143 2620 dialecti
1162 2569 1258 2621 formas
1272 2576 1353 2616 serum

239 2668 298 2703 aem
314 2651 482 2718 Pherecydis
498 2670 661 2706 conversum
681 2653 819 2719 exhibent,
834 2653 901 2705 certi
918 2652 984 2722 quid
999 2652 1095 2706 afferri
1111 2653 1218 2722 nequit.
1235 2651 1273 2703 De
1287 2649 1355 2702 Hecu·

238 2747 297 2790 tuco
323 2737 425 2789 Milesio
450 2737 553 2792 diserte
580 2738 666 2789 tradit
688 2739 877 2806 Hermogenes
903 2737 937 2790 de
956 2737 1031 2791 Ideis
1057 2737 1094 2789 ll.
1125 2741 1168 2793 12.
1195 2754 1254 2807 pag.
1276 2734 1321 2786 513
1337 2746 1355 2779 ⁸·

238 2841 265 2891 p.
284 2823 336 2875 auu
358 2819 446 2873 Walz.
465 2828 535 2891 etp.
553 2825 604 2877 423
621 2823 801 2891 Spengel.†),
824 2824 991 2876 Hecataeum
1011 2822 1140 2876 scribens
1162 2840 1237 2875 usum
1257 2812 1356 2885 essuri

237 2903 369 2977 διαλέκτῳ
384 2898 495 2978 ἀκράτῳ
516 2900 592 2977 Ἰάδι,
614 2908 783 2962 Herodotum
811 2926 875 2961 vero
898 2909 1020 2980 ποικίλῃ,
1040 2907 1060 2961 i.
1075 2926 1099 2961 e.
1121 2910 1211 2963 multis
1228 2904 1357 2960 mausum

229 2992 331 3062 figuris
356 3001 381 3045 et
395 2994 511 3045 numeris
536 2993 692 3063 variegata,
718 3000 749 3045 ut
773 2993 890 3063 explicat
917 2991 1085 3061 wesseling.
1109 2993 1188 3046 Diss.
1213 2987 1308 3045 Herod.
1330 2980 1357 3036 ll·

238 3095 265 3146 p.
284 3077 348 3142 ltu,
365 3075 408 3128 vel
424 3076 517 3145 potius
538 3078 637 3145 misto,
658 3079 676 3130 i.
692 3097 716 3131 e.
733 3096 786 3131 non
803 3095 873 3147 pura
893 3078 1002 3143 Ionica,
1018 3078 1068 3131 sed
1085 3080 1207 3144 υοτίολο,
1229 3075 1286 3128 aliis
1301 3066 1358 3139 epid

238 3169 267 3213 et
283 3159 407 3228 vulgaris
425 3161 558 3214 sermonis
574 3163 668 3216 formis
685 3163 820 3216 admixtis.
857 3162 954 3233 ltaque
967 3163 1169 3231 Hermogenem
1191 3161 1304 3216 indicare
1320 3170 1357 3205 tt

306 3411 331 3477 *)
349 3414 410 3463 Vid.
424 3414 539 3491 Dionys
552 3414 643 3464 Halic.
657 3414 704 3492 VI.
719 3430 746 3479 p.
758 3412 818 3464 864.
833 3413 869 3479 (p.
886 3411 941 3463 146.
957 3412 1029 3475 laq:
1053 3405 1270 3477 statuariunt
1285 3403 1356 3457 usto
1413 3420 1414 3459 ᾗ

239 3480 437 3547 πουυησιακοῦ
449 3497 602 3561 procusum
620 3481 746 3545 πολεμου
758 3476 900 3546 καὶμέχρι
914 3478 964 3530 τοῦ
979 3478 1164 3532 Θουκυδίδου
1176 3472 1357 3547 mopsuestiae·

239 3540 424 3616 assailiatur,
443 3548 545 3612 apolus
559 3543 642 3615 ἔσχον
651 3538 777 3605 ἅπαντες
788 3540 826 3606 uic
840 3542 886 3599 lat
899 3542 930 3598 τὸ
942 3542 1014 3598 πολὺ
1027 3543 1220 3611 προαιρέσεις·
1239 3542 1271 3622 οξ
1278 3556 1304 3593 τε
1314 3550 1357 3603 τη*

235 3609 313 3667 Ἰάδα
333 3610 517 3682 προελόμενοι
537 3610 701 3678 διάλεκτον,
726 3614 789 3682 τήν
811 3631 847 3667 τε
870 3618 945 3674 τοῖς
964 3608 1042 3666 τότε
1063 3611 1209 3680 χρόνοις
1228 3611 1357 3681 μαλιστα

239 3678 505 3804 ἆυθοῦοαυ,ᾶκα1
517 3679 548 3735 oi
558 3679 612 3752 τήν
623 3675 750 3751 ἀρχαίαν
764 3674 879 3735 Ἀτθίδα
891 3676 994 3749 μικράς
1006 3699 1087 3742 τινας
1100 3678 1222 3749 ἔχουσαν
1233 3680 1357 3743 διαφορᾶς

241 3747 319 3816 παρὰ
332 3747 385 3818 τὴν
395 3748 435 3803 ’lui
457 3770 513 3804 ακ.
527 3771 549 3804 τ.
563 3755 587 3805 λ.

306 3818 345 3884 1’1)
364 3822 426 3871 Vid.
440 3822 526 3872 Stura.
540 3823 574 3872 ad
587 3821 728 3871 Hellanici
743 3821 867 3883 iragmm.
881 3836 908 3885 p.
921 3820 954 3870 25
969 3818 1031 3869 coll.
1084 3820 1127 3873 41.
1142 3819 1199 3870 113.
1216 3819 1246 3867 C.
1259 3808 1357 3888 lluclltr

239 3892 268 3940 in
280 3890 417 3955 Fragmm.
430 3891 504 3940 Hist.
517 3890 632 3940 Graacc.
646 3890 668 3940 Ι.
683 3906 709 3954 p.
723 3888 840 3938 XXXIII
856 3887 927 3938 haec
944 3888 978 3937 de
990 3887 1044 3937 Hel
1058 3888 1139 3938 asico
1157 3886 1262 3937 scribit:
1284 3879 1354 3957 „Ilw

240 3959 313 4009 lecto
325 3972 390 4008 usus
403 3963 457 4017 est,
477 3964 507 4006 ut
519 3957 643 4023 plerique
655 3957 737 4007 istius
750 3956 880 4022 temporis
891 3955 1031 4018 historici,
1051 3956 1161 4017 ionica,
1180 3952 1298 4005 coloratu
1307 3956 1355 3997 ame

241 4026 324 4077 dubio
338 4026 431 4076 formis
443 4024 593 4075 Aeolicis.“

307 4090 362 4156 m)
380 4093 441 4142 Vid.
456 4093 542 4142 Sturz.
558 4092 592 4142 ad
604 4092 757 4155 Pherecyd.
770 4108 796 4157 p.
810 4091 843 4140 74
855 4107 913 4156 seq.
1297 4137 1305 4159 ‚
1324 4139 1331 4157 I

307 4160 337 4223 ’sl
355 4162 446 4210 Lucus
458 4161 517 4239 ipse
530 4160 570 4209 sic
583 4159 723 4210 sehabet:
743 4159 924 4224 (Hecataeus)
938 4156 973 4224 τῇ
985 4152 1123 4222 διαλέκτῳ
1136 4150 1169 4209 δ1
1180 4142 1354 4231 α’κτᾶῑφῖῐᾱέῑ

240 4225 289 4280 καλ
306 4220 342 4278 ου’
357 4242 515 4293 μεμιγμευῃ
532 4223 710 4292 χρησάμενος
731 4217 800 4278 odat
818 4222 890 4277 κατὰ
907 4222 957 4278 τὸν
974 4217 1133 4290 Ἡρόδοτον
1154 4221 1267 4286 ποικίλῃ
1284 4226 1355 4333 qt*

241 4289 419 4415 lorav3iflqegd
436 4312 468 4360 γε
485 4292 585 4413 illector
602 4286 757 4361 ποιητικός.
788 4295 867 4347 Conl.
881 4296 965 4346 etiem
977 4295 1056 4355 11‚4.
1074 4312 1100 4360 p.
1112 4293 1165 4344 405
1181 4292 1218 4358 (p.
1230 4286 1278 4341 alt
1319 4279 1354 4331 ⁸¹¹

241 4372 307 4431 etp.
402 4366 522 4430 penge).
