2900 5122
388 359 647 421 OALLIOPE.
671 362 730 420 IX.
752 370 883 424 53—55.
1149 365 1210 427 303

83 531 274 621 Πιτανήτην,
292 529 349 622 μὴ,
367 527 410 620 ἢν
428 527 614 602 ἀπολίπωσι
632 535 814 621 ποιεῦντες,
833 529 874 602 τά
883 530 1114 621 συνεθήκαντο
1126 548 1211 602 τοῖσι

82 632 200 704 ἄλλοισι
211 630 362 722 Ἕλλησι,
386 629 547 721 ἀπόληται
563 628 783 722 ὑπολειφθεὶς
801 630 900 715 αὐτός
917 661 954 703 τε
967 630 1211 725 Ἀμομφάρετος

82 739 130 806 ταί
145 742 180 805 oi
191 732 260 826 μετ’
278 731 391 805 αὐτοῦ.
414 738 519 804 ταῦτα
536 732 738 824 λογιζόμενοι
756 731 897 826 ἀτρέμας
916 734 1006 825 εἶχον
1023 732 1059 805 τό
1077 733 1211 823 στρατό-

82 843 176 908 asdor
191 834 228 907 τό
239 833 450 924 Λακωνικόν,
469 838 524 905 καὶ
544 832 725 927 ἐπειρῶντο
742 840 918 918 πείθοντές
935 866 1004 927 μιν,
1024 831 1068 917 ὥς
1086 832 1127 906 ori
1139 864 1210 928 χρε-

43 935 127 1012 :rede
142 950 191 1027 είη
208 942 314 1008 ταῦτα
331 940 464 1008 ποιέειν.

146 1042 211 1110 Καὶ
227 1045 264 1110 οί
277 1041 340 1130 μὲν
357 1036 568 1130 παρηγόρεον
583 1035 844 1129 Ἀμομφάρετον,
860 1044 987 1130 μοῦνον
1004 1045 1209 1130 Λανεδαιμο·
1217 1053 1257 1114 54

81 1148 155 1211 νίον
169 1168 208 1212 τε
221 1143 280 1211 αεὶ
302 1143 492 1230 Τεγεητέων
510 1143 732 1230 λελειμμένον.
749 1138 922 1229 Ἀθηναῖοι
941 1142 978 1212 di
997 1137 1132 1213 ἐποίευν
1146 1170 1211 1212 τοι·

38 1264 45 1283 ·
81 1241 148 1311 ἀίε·
169 1242 259 1334 εἶχον
275 1240 418 1333 ἀτρέμας
435 1245 540 1331 σφέας
558 1237 680 1323 αάτούς
697 1249 754 1313 ἵνα
772 1238 978 1332 έτάχθησαν,
1003 1239 1211 1333 έπιστάμενοι

81 1341 114 1412 ui
129 1350 402 1435 Λακεδαιμονίων
420 1341 633 1434 φρονήματα,
662 1340 706 1425 οἱς
723 1340 808 1414 ἀλλα
824 1343 1038 1434 φρονεόντων
1055 1347 1110 1414 καὶ
1128 1341 1212 1414 ἀλλα

81 1443 242 1533 λεγόντων.
271 1440 317 1528 ὥς
336 1447 374 1516 di
392 1442 533 1535 ἐκινήθη
550 1442 587 1516 τό
604 1442 842 1537 στρατόπεδον,
862 1453 1009 1537 ἔπεμπον
1027 1449 1141 1537 σφέων
1159 1452 1210 1517 ίπ·

81 1549 135 1616 ata
153 1543 322 1638 ἀγόμενόν
344 1575 396 1635 τε,
423 1554 454 1618 εί
475 1544 681 1635 πορεύεσθαι
704 1544 920 1638 ἐπιχειρέοιεν
942 1553 977 1618 οί
992 1551 1210 1637 Σπαρτιῆται,

81 1657 110 1716 εί
119 1678 152 1718 τε
167 1652 222 1720 καί
240 1646 280 1720 τό
298 1646 456 1739 τταράπαν
473 1646 518 1738 μὴ
537 1652 749 1720 διανοεῦνται
767 1645 1057 1738 ἀπαλλάσσεσθαι,
1085 1645 1210 1741 έπείρν

79 1758 154 1820 σθαί
171 1778 206 1822 τε
223 1759 443 1839 Παυσανίην,
466 1747 504 1819 τό
525 1747 633 1840 χρεών
657 1760 709 1839 είη
732 1753 866 1821 ποιέειν,
898 1746 955 1832 Ὡς
979 1751 1016 1820 dt
1038 1747 1174 1821 ἀπίκετο
1191 1746 1256 1824 <355

79 1854 170 1941 κῆρυξ
188 1849 223 1934 ές
239 1850 320 1934 τούς
338 1858 640 1941 Λακεδαιμονίους,
666 1848 738 1943 ἀρα
754 1855 793 1923 τέ
807 1873 912 1941 σφεας
930 1849 1013 1923 νατά
1031 1850 1143 1942 χώρην
1160 1880 1210 1922 τε·

78 1958 249 2043 ταγμένονς
266 1956 324 2024 καὶ
342 1950 375 2035 ές
392 1960 506 2024 νείκεα
522 1949 725 2043 ἀπιγμένους
744 1950 857 2025 αὐτοῖν
873 1951 951 2035 τούς
970 1950 1130 2044 πρεότονς.
1167 1948 1211 2036 ὦς

78 2157 151 2202 rma
162 2155 267 2205 relictus
279 2153 551 2217 rpseAmompduretus
563 2152 614 2202 uari
665 2169 690 2203 c.
702 2153 835 2207 Aristocr.
849 2170 874 2219 p.
888 2153 936 2203 421
953 2150 1030 2220 [pag.
1043 2150 1208 2220 marusa]

79 2234 124 2269 ααι
138 2221 267 2272 Ριλοααίία
283 2225 344 2271 suis.
371 2221 470 2285 ltaque
489 2220 525 2271 ad
540 2213 613 2270 οίπο-
664 2248 697 2257 »-
724 2223 756 2271 In
776 2238 852 2287 seqq.
875 2221 910 2271 ad
931 2221 1083 2287 optativum
1106 2212 1210 2286 ἐπίχει·

81 2284 171 2339 time
198 2288 323 2354 intellig.
352 2277 444 2338 αὐτὸν
473 2287 534 2338 scii.
562 2280 614 2337 τὸν
665 2284 766 2351 ρέοιεν,
780 2290 900 2354 quemiu
913 2289 1003 2339 altera
1016 2290 1211 2353 interrogatio-

79 2347 160 2419 λόγον.
187 2356 229 2407 Ad
242 2356 413 2407 locutionem
431 2345 556 2420 sinciput
573 2347 613 2405 εί·
664 2357 707 2406 nis
721 2362 803 2434 parte
821 2357 926 2421 excipit
942 2356 1110 2406 indicativus
1128 2353 1211 2420 (dtu-

79 2424 203 2555 καί.
215 2429 289 2474 nott,
304 2424 339 2473 ad
352 2424 412 2483 VII,
426 2422 451 2472 8.
469 2424 494 2483 5.
509 2423 520 2471 l
536 2422 612 2473 etad
665 2423 822 2487 νοεννται),
836 2424 893 2475 vid.
906 2425 1031 2473 excitata
1043 2422 1079 2472 ad
1090 2423 1123 2483 V,
1140 2421 1170 2472 13
1183 2430 1212 2473 ct

155 2490 218 2542 ’ττο
231 2491 388 2549 πείθοντες
400 2490 502 2541 Herod,
515 2491 566 2549 IX,
579 2488 613 2540 28
665 2491 704 2542 ci.
721 2492 802 2553 VIII,
822 2489 879 2541 106.
907 2490 985 2541 Alios
997 2490 1087 2551 locos,
1105 2491 1153 2539 ubi
1171 2493 1211 2540 in-

80 2562 103 2607 et
116 2564 181 2609 nott.
198 2560 235 2610 ad
250 2561 275 2623 1,
294 2559 336 2609 77.
365 2559 419 2609 Pro
436 2557 510 2623 vulg.
529 2550 614 2623 χρεὸν
665 2559 816 2609 dicativum
838 2559 942 2624 excipit
959 2560 1114 2624 optativus,
1137 2560 1211 2608 exci-

79 2624 133 2675 dedi
147 2622 260 2693 χρεόν,
284 2627 341 2677 vid.
358 2631 427 2677 nott.
446 2625 481 2675 ad
498 2626 573 2689 VIII,
587 2625 612 2676 3.
665 2627 725 2677 tari
737 2626 772 2676 ad
784 2626 832 2688 IX,
847 2624 889 2675 ut.
913 2626 957 2675 De
969 2624 1115 2691 particulis
1131 2622 1163 2675 εί
1170 2640 1209 2690 τε,

80 2692 145 2744 Idem
155 2695 211 2746 ieci
223 2711 289 2761 cap.
301 2694 335 2745 54
348 2699 376 2744 et
387 2692 429 2745 58.
665 2710 735 2759 quae
748 2695 777 2743 in
790 2693 880 2744 altera
891 2694 1119 2758 interrogationis
1132 2698 1211 2758 parte

664 2768 815 2827 ponuntur,
834 2763 939 2811 monuit
949 2761 1087 2811 Matthiae
1102 2762 1149 2811 Gr.
1163 2762 1209 2811 Gr.

264 2863 332 2915 cm
345 2863 417 2915 LIV·
665 2828 788 2911 §.iiim
813 2829 891 2892 Quod
904 2830 1028 2895 sequitur
1041 2819 1210 2909 ἐπαίρεσθαι

108 2953 286 3031 έιιστάμενοι
314 2955 350 3014 ud
372 2962 613 3028 Λακεδαιμονίων
665 2896 1211 3031 adduxi?rdssiffdrcuitrlrreideedddidpiletdldl:

82 3026 250 3099 φρονήματα]
271 3033 291 3082 i.
311 3048 335 3082 e.
356 3032 419 3083 dene
438 3035 516 3097 padri
534 3036 612 3083 moris
663 3035 802 3084 structuri
828 3034 961 3084 orationis
986 3031 1127 3098 paululum
1153 3047 1211 3082 mu-

82 3105 144 3163 Ιφιε
160 3104 254 3167 &panii
265 3101 408 3162 Laecania,
426 3102 470 3166 ραί
486 3102 539 3150 aliu
553 3114 611 3150 eeu·
664 3102 737 3150 tata:
757 3101 906 3151 mittebant
923 3101 995 3150 enim
1013 3099 1047 3149 de
1061 3099 1116 3149 suis
1134 3100 1210 3164 equi·

81 3168 146 3229 tim,
169 3173 221 3219 atta
245 3170 343 3218 dicant.
378 3167 420 3217 Ad
444 3168 612 3218 locutionem
663 3174 734 3231 tem,
764 3169 810 3234 qui
836 3168 987 3233 inspiceret
1014 3182 1034 3217 ο.
1058 3172 1210 3232 spectaret,

83 3236 142 3285 toni.
153 3237 229 3299 VIII,
245 3235 297 3285 144
314 3235 407 3300 ibique
419 3240 490 3286 nott.
514 3235 556 3284 Id
569 3250 611 3285 ar·
663 3241 753 3286 utrum
765 3236 983 3287 Lacedaemonii
999 3234 1144 3285 discedere
1162 3250 1209 3300 ag-

82 3309 222 3365 gunentum
246 3303 450 3369 Wosseiingius
475 3302 545 3352 bene
570 3302 611 3352 ai·
663 3304 844 3370 graderentur
861 3318 897 3352 au
911 3303 1021 3353 omnino
1038 3302 1072 3350 de
1085 3302 1210 3352 discessu

83 3367 127 3418 tert
137 3371 260 3438 Euripid.
274 3370 458 3421 Andromach.
470 3370 520 3419 447
537 3368 612 3434 (451)
665 3387 719 3421 nou
732 3371 901 3437 cogitarent,
915 3373 1035 3436 stipatque
1046 3371 1121 3419 etiam
1135 3384 1210 3434 quae-

83 3442 106 3484 et
119 3438 244 3490 Herodot
257 3440 312 3500 vl,
327 3437 388 3501 108,
407 3438 455 3489 ubi
470 3437 525 3488 vid
542 3442 612 3488 nott
664 3447 736 3490 reret
747 3455 783 3490 ex
793 3438 930 3497 Petuaria,
943 3439 1005 3504 qaid
1013 3438 1158 3501 faciendum
1170 3452 1210 3487 es·

82 3502 147 3554 Idem
163 3507 230 3557 Euri
252 3507 314 3557 ides
337 3506 367 3555 iu
387 3505 525 3571 Supplicc.
552 3504 614 3556 187:
664 3515 712 3559 set.

83 3565 188 3648 Σξᾶατη
204 3524 260 3640 μέγα
276 3564 340 3640 cipri
358 3570 408 3624 ααλ
429 3571 613 3624 πεποίκιλται
864 3606 923 3657 cst
951 3608 1000 3658 LV

82 3652 204 3705 ῐοαπονςς
224 3642 284 3693 alia
297 3642 419 3692 eiusdem
437 3642 479 3691 rei
491 3641 613 3691 testimo·
924 3643 931 3656 ·
1002 3643 1009 3658 ·

84 3707 402 3774 uisereterumseriptis
415 3709 614 3759 excitavitlra-
699 3701 772 3760 τατά
794 3704 888 3775 χοίρην
911 3703 1115 3776 τεταγμένους]
1142 3711 1160 3761 i.
1183 3727 1208 3761 e.

83 3773 162 3826 mlx:
178 3778 298 3828 Studien
309 3777 335 3827 d.
346 3776 489 3827 classiach.
496 3775 613 3826 Alterth.
664 3795 710 3829 suo
722 3782 790 3837 ίοαο,
810 3793 889 3843 quem
907 3783 1054 3843 ceperant,
1071 3783 1210 3829 collocutos

83 3843 202 3908 [ειηῖθ4.
236 3845 318 3907 Quod
336 3859 403 3895 vero
419 3845 548 3894 Lacones
568 3843 614 3893 hic
664 3851 691 3897 ία
707 3848 770 3897 urie.
793 3845 950 3896 Formulam
966 3837 1039 3896 αατά
1057 3840 1152 3912 χώρην
1169 3852 1210 3896 at·

84 3906 159 3972 diter,
170 3912 508 3978 atqueauimogerebuut,
523 3912 616 3977 eloqui
665 3915 718 3979 tigi
736 3915 771 3963 ad
789 3914 863 3993 VIII²
882 3912 923 3965 73.
943 3912 999 3965 108.
1022 3940 1052 3950 -
1078 3915 1143 3964 Mox
1160 3930 1209 3979 pro

84 3973 209 4040 deantur,
226 3980 279 4031 hoe
289 3980 457 4030 Valckenar.
473 3984 616 4044 comparat
665 3981 739 4048 vulg.
750 3996 939 4047 παρηγορεον,
954 3982 1023 4047 quod
1037 3998 1097 4031 cnm
1107 3981 1209 4032 Sohae-

84 4057 135 4093 enm
148 4047 304 4098 Homericis
321 4047 354 4099 11.
370 4048 420 4110 XI,
436 4046 495 4098 31³.
521 4046 612 4097 Schol.
667 4049 726 4101 iero
742 4051 831 4099 tenuit
843 4050 956 4112 Marcu,
974 4049 1100 4115 equidem
1118 4048 1208 4099 eFlo-

83 4106 208 4180 trisroph.
232 4117 283 4166 Ar.
303 4113 353 4165 188
373 4116 518 4180 ipsumque
537 4114 614 4164 addit
665 4119 773 4167 rentino
796 4117 914 4183 aliisque
932 4133 993 4167 cum
1011 4117 1125 4182 reliquis
1147 4116 1208 4167 edd.

83 4178 281 4248 Aristophanem
293 4182 490 4249 Spartanorum
502 4181 614 4232 fraudes
665 4184 729 4235 dedi
740 4178 966 4250 παρηγορέοντο,
984 4190 1014 4234 ut
1026 4185 1058 4247 V,
1075 4183 1131 4234 104.
1149 4184 1208 4242 VII,

84 4259 111 4293 te
152 4249 258 4300 rtidiam
268 4251 388 4315 perstrin
410 4249 613 4303 enteminPec.
667 4251 709 4309 13,
740 4252 787 4302 ubi
810 4252 906 4303 itidem
927 4253 1046 4302 medium
1070 4252 1209 4302 invenitur

141 4354 149 4368 .
163 4316 283 4369 Acheru.
294 4315 345 4369 807
358 4267 421 4369 cod.
433 4316 613 4368 Demosthen.
665 4320 786 4372 verbum.
