2984 5154
228 426 268 486 46
662 415 928 479 HERODOTI

229 615 320 680 σιον,
355 597 562 681 θησαυροῖσί
581 591 697 698 τιμαὶ
715 584 909 678 ἀναθήμασι
932 596 1082 657 πολλοῖσι
1106 586 1368 673 κατεσκευασμέ·

227 712 303 764 νον·
339 683 382 782 ἦν
413 693 450 762 tt
479 695 534 762 καὶ
560 690 633 761 τότε
656 692 711 761 καὶ
735 694 801 761 νῦν
825 692 892 760 ἐστὶ
916 687 1116 780 χρηστήριον
1141 683 1276 757 αὐτόθι·
1312 687 1369 756 καὶ

227 799 326 865 τοῦτο
348 792 385 864 τό
411 792 503 885 ίερόν
526 791 731 882 συλήσαντες
750 794 953 881 ἐνέπρησανΙ
989 798 1048 861 καί
1069 818 1161 870 τινας
1187 785 1420 868 &sozomenum

229 893 320 967 εἷλον
336 900 404 967 τοῖν
423 898 569 967 Φωκέων
587 892 671 983 πρὸς
687 911 773 964 τοῖσι
791 890 921 985 οὔρεσι,
940 895 995 964 καὶ
1013 889 1174 981 γυναῖκάς
1192 919 1284 971 τινας
1304 892 1369 959 διέ-

183 1011 379 1090 34φθειραν
401 996 593 1088 μισγόμενοι
617 991 684 1066 ὑπὸ
708 992 862 1084 πλήθεος.
903 1001 1185 1086 Παραποταμίους
1204 993 1241 1062 ot
1264 1019 1355 1081 παρα

228 1099 420 1190 μειβόμενοι
442 1105 477 1170 oi
492 1098 654 1190 βάρβαροι
677 1094 836 1168 ἀπίκοντο
863 1100 894 1178 ἐς
913 1098 1106 1177 Πανοπέας·
1144 1098 1306 1166 ἐνθεῦτεν
1332 1094 1370 1163 tt

229 1200 294 1291 ἤδη
314 1205 546 1293 διακρινομένη
570 1196 591 1289 ἡ
609 1197 744 1291 στρατιὴ
763 1196 876 1270 αὐτῶν
896 1202 1045 1288 ἐσχίζετο.
1080 1193 1117 1267 τὸ
1135 1198 1197 1286 μὲν
1214 1206 1371 1267 πλείστου

229 1307 284 1374 καὶ
311 1301 542 1375 δυνατώτατον
565 1305 626 1372 τοῦ
643 1304 787 1393 στρατοῦ
808 1297 875 1390 ἅμα
898 1297 991 1393 αὐτῷ
1011 1302 1116 1390 Ξέρξη
1141 1296 1370 1390 πορευόμενον

230 1401 281 1475 ἐπ’
299 1401 442 1494 Ἀθήνας
466 1408 603 1492 ἐσέβαλε
628 1407 660 1484 ἐς
682 1399 865 1491 Βοιωτοὺς,
904 1406 935 1484 ές
964 1406 1028 1491 γῆν
1051 1398 1114 1490 τὴν
1136 1397 1369 1493 Ὀρχομενίων.

228 1606 306 1666 urbs,
320 1604 393 1655 bello
406 1620 485 1655 sacro
497 1606 595 1656 iterum
609 1619 706 1655 eversu
718 1618 773 1652 nou
824 1601 895 1651 duce
913 1602 954 1650 itu
966 1605 1078 1650 vastata
1094 1604 1149 1663 est,
1168 1605 1199 1649 ut
1211 1598 1371 1649 Pausaniae

229 1673 347 1738 emplius
371 1673 503 1735 effloruit,
529 1687 589 1722 cum
614 1672 772 1722 Pausaniae
825 1674 918 1719 aetate
935 1683 1046 1734 prorsus
1059 1667 1151 1717 diruta
1164 1668 1277 1717 iaceret.
1308 1667 1373 1716 Atia

230 1746 324 1792 aetate
343 1741 387 1791 vel
404 1742 500 1791 ruinae
517 1741 675 1806 periissent,
694 1745 772 1789 utne
824 1738 930 1786 debunt
941 1739 1075 1787 Mennert.
1087 1736 1161 1785 vlu.
1170 1752 1198 1801 p.
1211 1734 1267 1799 179,
1281 1735 1371 1784 Kruse

228 1808 305 1859 loeus
318 1810 439 1873 quidem,
452 1809 499 1858 ubi
512 1811 566 1858 site
579 1810 676 1869 fuerit,
696 1817 772 1857 certo
824 1806 863 1867 11,
884 1806 908 1853 2.
926 1821 990 1870 pag.
1009 1802 1055 1865 59,
1084 1803 1219 1869 Forbiger
1241 1803 1259 1853 l.
1282 1803 1300 1852 1.
1319 1803 1372 1853 111.

229 1876 337 1926 definiri
357 1879 452 1942 possit.
488 1876 569 1926 Conf.
594 1876 713 1925 Siebeiis
737 1875 771 1924 ud
823 1872 922 1938 μ.913.
952 1870 1372 1938 lnE.l)odwellioperepsulo

228 1945 347 1994 Peucen.
361 1946 379 1995 1.
393 1943 410 1992 1.
424 1960 487 2009 pag·
498 1944 549 1993 295
562 1949 589 1993 et
600 1944 772 2008 potissimum
824 1946 889 1990 unte
912 1941 1026 1990 laudato
1047 1941 1104 1989 tab.
1127 1940 1216 1989 XLVl
1240 1939 1372 1989 exhiben-

228 2013 317 2061 Kruse
329 2013 363 2073 li,
377 2013 402 2060 2.
415 2028 477 2077 pag.
492 2012 524 2059 72
538 2027 623 2076 seqq.,
642 2012 688 2075 qui
701 2010 771 2060 Geli.
825 2014 868 2058 tur
877 2008 930 2058 hee
943 2023 1077 2058 murorum
1088 2007 1222 2072 reliquiae
1233 2008 1373 2056 maximae

228 2084 340 2128 secutus
358 2080 452 2129 urbem
470 2079 589 2128 collocat
605 2081 633 2127 in
647 2078 774 2143 Cephissi
826 2077 905 2126 molis
918 2082 946 2126 et
958 2092 1025 2125 sone
1038 2076 1190 2137 mirandae,
1203 2081 1234 2125 ut
1247 2091 1264 2124 ο
1273 2074 1373 2140 Cyeio·

228 2147 304 2197 valle
326 2148 400 2196 infru
420 2147 610 2206 Anemonem,
638 2147 673 2195 od
695 2147 773 2195 cuius
824 2145 906 2209 pibus
919 2145 1050 2194 exstructi
1064 2143 1271 2193 iliivideantur.

229 2214 338 2264 leovum
357 2214 515 2277 castelium,
539 2215 608 2279 quod
628 2214 657 2263 in
674 2214 773 2283 promi·
860 2204 998 2262 ἐνθεῦτεν
1016 2205 1048 2261 tt
1063 2203 1120 2276 ἤδη
1134 2201 1373 2277 διακρινομένηὴ

229 2282 307 2331 nenti
329 2297 396 2331 saxo
419 2283 472 2331 fuit
487 2288 667 2342 exstructum,
689 2297 773 2347 prope
826 2276 941 2346 στρατιὴ
960 2273 1055 2330 αὐτῶν
1074 2273 1206 2345 ἐσχίζετο]
1231 2281 1250 2329 i.
1269 2295 1293 2328 e.
1312 2281 1375 2328 inde

229 2350 337 2400 Beieseu
347 2353 405 2400 sive
413 2350 551 2411 Beuumut
560 2350 657 2399 scribit
667 2351 772 2411 Leuke,
824 2366 884 2399 uero
902 2365 987 2398 eor-mn
998 2351 1129 2398 exercitus
1143 2349 1200 2397 dum
1212 2345 1376 2398 dividebatur·

229 2417 247 2466 l.
261 2416 278 2466 1.
294 2418 329 2466 11.
342 2433 405 2483 pag.
418 2417 449 2467 97
464 2419 560 2468 eudem
572 2419 692 2478 tradens,
706 2418 772 2468 dus·
825 2416 943 2483 (indues
952 2418 1066 2482 portes),
1080 2421 1106 2466 in
1115 2420 1179 2466 duas
1190 2420 1245 2465 vius
1257 2416 1319 2465 obiit
1331 2417 1374 2464 ‹ii-

229 2501 286 2534 rum
307 2485 433 2535 horarum
454 2486 600 2536 intervallo
619 2487 653 2535 ab
671 2485 773 2535 Eiuteu
824 2488 886 2534 uiso.
922 2486 964 2533 'ru
978 2484 1035 2534 vid.
1049 2500 1131 2549 supro
1143 2484 1184 2558 11,
1202 2483 1245 2560 li:
1266 2482 1375 2541 Νεῖλος

229 2560 361 2603 remotum
375 2570 407 2604 eo
420 2556 585 2618 pertinuisse
599 2559 703 2603 censet
790 2563 796 2575 ’
825 2551 982 2616 σχίζεται
994 2551 1148 2617 τριφασίας
1160 2549 1249 2609 οδους
1259 2557 1287 2601 et
1297 2554 1374 2601 conf.

262 2617 312 2671 καί
332 2616 473 2686 γυναῖκας
494 2637 575 2679 τινας
597 2616 773 2687 διέφθειραν
825 2624 908 2670 etium
918 2622 976 2683 vfl,
988 2620 1034 2669 31:
1048 2614 1214 2685 σχιζομένης
1225 2618 1276 2685 τῆς
1289 2611 1374 2669 ὁδου.

228 2682 393 2756 μισγόμενοι
410 2681 468 2740 ὑπὸ
485 2683 622 2755 πλήθεος]
643 2691 661 2738 i.
680 2706 705 2739 e.
722 2707 772 2738 rnu-
807 2688 1104 2753 'Schweighaeuserus
1121 2690 1149 2736 in
1163 2688 1258 2738 Lexio.
1269 2687 1375 2738 Herod.

228 2761 304 2807 lieres
322 2761 442 2823 quasdam
458 2762 654 2821 interfecerunt,
670 2761 774 2822 plurimi
824 2758 877 2822 up.
888 2756 933 2805 157
941 2755 1088 2821 explicuit:
1099 2759 1215 2814 „delectu
1225 2758 1326 2805 militurn
1334 2759 1376 2805 in-

228 2840 329 2875 numero
346 2843 399 2875 curn
411 2828 474 2890 ipris
489 2841 517 2875 se
529 2827 662 2876 miscentes
674 2841 696 2876 s.
710 2827 773 2890 ipsis
823 2828 911 2874 sutum
924 2824 1060 2874 discretus
1073 2830 1115 2875 est
1127 2830 1258 2874 exercitus
1270 2831 1296 2873 et
1305 2824 1376 2887 bifa-

227 2894 274 2942 uim
290 2894 438 2956 inferenter.
480 2894 599 2943 Verbum
617 2892 773 2959 μίσγεσθαι
823 2897 888 2942 riam
900 2893 1028 2949 diuisus“‚·
1046 2893 1113 2942 mihi
1125 2893 1159 2942 ue
1173 2891 1247 2941 nullo
1260 2892 1377 2943 delectu

229 2961 262 3009 de
279 2961 339 3010 viro
357 2962 405 3023 (of.
421 2962 461 3019 11,
477 2960 519 3009 ut.
536 2961 579 3010 89.
597 2963 625 3025 1,
647 2961 702 3013 1911.
720 2962 771 3023 111,
824 2961 941 3009 militum
954 2961 1000 3010 hio
1013 2977 1101 3011 sermo
1115 2976 1176 3010 esso
1189 2961 1308 3023 videtur,
1321 2962 1376 3011 sed

223 3012 288 3091 its)
302 3043 389 3092 seque
403 3044 437 3077 ac
450 3029 484 3077 du
497 3028 609 3078 muliere
623 3029 679 3079 dici
694 3030 733 3092 (1,
746 3031 771 3079 5.
824 3036 931 3078 tontum
948 3029 982 3077 de
1002 3030 1127 3078 exercitu
1145 3029 1173 3078 in
1191 3029 1259 3094 dues
1277 3035 1376 3094 partes

231 3094 288 3159 199)
301 3095 356 3145 iam
369 3111 452 3161 supra
464 3097 498 3146 sd
509 3097 531 3158 1,
542 3096 558 3146 ὃ
571 3097 772 3146 adnotavimus.
824 3097 960 3161 dirempto
978 3097 1037 3146 sive
1055 3097 1154 3149 diviso.
1190 3096 1270 3146 Cous.
1286 3099 1376 3147 etism

824 3165 857 3214 de
870 3165 955 3216 verbo
969 3162 1174 3229 διακρίνεσθαι
1187 3164 1283 3227 (dirimi
1294 3166 1375 3215 inde-

824 3248 876 3297 que
889 3234 1000 3297 σίμνοσι)
1014 3231 1243 3295 vr1,·210.vlll‚
1260 3232 1291 3283 18
1307 3233 1373 3284 coll.

823 3300 961 3363 v11,156.
981 3327 1011 3334 -
1034 3302 1065 3350 ln
1082 3303 1173 3351 verbis
1188 3302 1311 3366 proxime
1329 3316 1374 3352 se-

262 3357 291 3426 ές
307 3362 472 3434 Πανοπέας]
497 3370 612 3435 Legitur
633 3370 707 3418 urbis
725 3385 770 3418 no·
823 3370 970 3434 quentibus
982 3356 1043 3434 ἅμα
1056 3359 1134 3435 αὐτῷ
1142 3367 1375 3451 Ξέρξησυεμίμτ·

228 3451 288 3485 meu
299 3437 374 3497 vlu,
387 3436 420 3487 35
433 3437 495 3487 coil.
506 3439 625 3487 Pausan.
636 3439 670 3501 X,
684 3438 708 3488 4.
721 3439 745 3498 §-
759 3436 770 3485 1
823 3439 861 3486 ris
878 3436 945 3487 lieet
961 3438 1092 3502 scriptum
1111 3439 1197 3488 fuisse
1214 3454 1276 3503 αμα
1294 3437 1375 3504 αυτῷ

228 3504 320 3569 ibique
330 3504 449 3555 Siebeiis
461 3520 525 3571 pag.
539 3504 594 3564 162,
608 3506 661 3570 qui,
675 3521 770 3555 recen·
823 3504 867 3570 roi
879 3499 985 3572 Ξέρξη,
1004 3511 1053 3555 aut
1064 3494 1127 3571 ἅμα
1139 3505 1182 3571 τῷ
1194 3504 1303 3573 Ξέρξη,
1317 3509 1374 3557 nisi

227 3572 325 3621 tiorum
350 3588 455 3638 quoque
481 3574 645 3623 testimoniis
667 3573 771 3636 allatis,
823 3575 852 3623 in
864 3573 1020 3623 huiusmodi
1028 3574 1211 3625 locutionibus
1223 3575 1374 3625 articulum

228 3640 323 3689 urbem
336 3656 419 3705 supro
431 3641 631 3691 Orchomenum
645 3645 673 3690 et
683 3641 772 3690 Chae·
824 3642 909 3691 etiem
927 3643 1027 3692 obesse
1044 3658 1125 3707 posse
1145 3644 1243 3694 eredas
1257 3649 1375 3709 propter

227 3722 339 3759 ronesm
363 3710 444 3758 situm
475 3709 558 3759 fuisse
584 3714 691 3769 narrat,
723 3709 772 3758 ubi
825 3726 868 3770 co,
881 3726 952 3775 quse
966 3711 1000 3759 ed
1010 3712 1059 3772 111,
1070 3713 1103 3759 45
1117 3711 1206 3762 alluta
1218 3718 1283 3762 sunt
1294 3720 1324 3761 ot
1337 3713 1374 3762 od

228 3790 300 3825 nuno
317 3777 395 3826 vicus
412 3778 547 3841 reperitur
561 3778 642 3841 Αρίοτ
660 3778 772 3828 Blusios.
824 3779 903 3841 V111,
923 3778 963 3828 17.
1004 3780 1093 3844 Supra
1114 3795 1221 3845 quoque
1239 3781 1319 3840 VIII,
1338 3780 1374 3830 ‘23

227 3843 282 3892 Hic
294 3844 403 3894 scilicet
414 3845 492 3894 vicus
509 3845 544 3894 od
556 3846 678 3895 radicem
693 3845 773 3895 collis
823 3847 923 3896 Noster
932 3848 1033 3897 omisso
1044 3848 1161 3898 articulo
1171 3849 1296 3914 scripsit:
1309 3840 1375 3915 ἅμα

228 3916 383 3962 exstructus
402 3918 457 3975 cst,
480 3914 509 3961 in
532 3914 610 3963 euius
629 3914 771 3962 cacumine
823 3905 895 3981 ἡλίῳ
907 3909 1098 3980 σκιδναμένῳ.

229 3978 317 4027 adhuc
345 3980 442 4030 ruinse
469 3981 544 4030 urbis
568 3981 771 4046 Panopensium
859 3974 887 4040 ἐς
904 3982 959 4048 γῆν
975 3978 1029 4048 την
1044 3976 1243 4052 Ὀρχομενίων]
1262 3985 1372 4035 Articu-

229 4047 447 4112 eonspiciuntur;
460 4049 514 4097 vid.
527 4048 651 4098 Uiriohs:
670 4049 773 4099 Reiseu
824 4050 879 4100 ium
896 4050 965 4114 miv,
988 4068 1067 4116 quem
1086 4061 1148 4118 post
1164 4052 1219 4119 γῆν
1235 4055 1371 4116 inserunt,

228 4129 254 4163 u.
265 4114 454 4181 Forsehungg.
467 4117 496 4165 in
506 4115 663 4166 Griecheni.
674 4118 696 4166 1.
707 4133 771 4183 pag.
823 4120 916 4170 deleri
939 4121 1103 4170 auctoritate
1122 4122 1274 4171 Florentini
1295 4121 1371 4184 libri,

229 4179 291 4244 151,
314 4183 410 4232 Leuke
428 4184 445 4233 1.
462 4183 481 4233 i.
500 4184 535 4235 11.
552 4200 617 4250 pag.
637 4183 685 4234 199
703 4200 770 4249 seq„
824 4193 906 4253 atque
928 4203 961 4237 ex
979 4188 1079 4238 Aldine
1096 4190 1239 4239 revocari:
1264 4180 1292 4248 ie
1314 4188 1373 4256 γῆν

227 4250 310 4300 Ross:
323 4251 529 4317 Wundorungg.
540 4252 569 4301 in
580 4252 736 4302 Grieohenl.
749 4253 770 4301 l.
822 4251 885 4321 τὴν
895 4245 1096 4321 Ὀρχομενίαν,
1110 4258 1238 4322 quonium
1251 4259 1292 4308 sic
1306 4259 1373 4309 niiis

227 4333 291 4383 pag.
308 4320 351 4372 42.
386 4320 472 4370 Vetus
493 4320 558 4370 urbs
580 4326 676 4386 posteo
699 4319 772 4370 bello
823 4338 929 4388 quoquo
943 4325 1020 4384 locis,
1034 4325 1282 4389 quosslletosvide
1297 4328 1373 4392 apud

228 4400 308 4437 sacro
318 4388 416 4438 iterum
426 4404 523 4439 eversa
534 4404 550 4438 ιι
560 4388 689 4440 Romanis
695 4388 773 4455 Sylla
823 4392 940 4443 BredoV.
952 4407 1016 4459 pag.
1029 4393 1075 4457 84,
1088 4393 1187 4444 Noster
1199 4394 1292 4445 dicere
1306 4410 1372 4447 cou-

396 3265 461 3317 Ose.
480 3267 603 3317 XXXIV.
