2984 5154
426 442 628 507 URANIA.
651 446 740 504 VIII.
765 453 806 509 17.
832 455 871 507 18.
899 455 937 510 19.
1206 452 1247 515 27

120 606 313 703 ἀπορραγείη
335 610 400 683 ἀπὸ
424 618 484 685 τού
507 615 679 709 βαρβάρου
705 617 744 687 τό
770 646 806 688 τε
830 615 976 691 Ἰωνικόν
994 624 1103 710 φύλου
1129 624 1185 691 καὶ
1210 620 1248 692 τύ

120 712 278 803 Καρικὸν,
311 712 379 786 οἷοί
407 745 458 786 τε·
471 728 587 806 εἴησαν
612 722 681 788 ταῖν
706 724 833 791 λοιπυῖν
859 721 1050 813 κατύπερθε
1076 727 1246 814 γενέσθαι,

120 814 319 887 ἐλαυνόντων
335 822 404 888 των
421 815 583 907 Εὐβοέων
601 819 750 910 πρόβατα
769 825 822 892 ἐπὶ
839 821 901 911 τήν
918 822 1114 914 θάλασσαν,
1141 824 1247 916 ταύτῃ

117 921 266 1002 συλλέξας
291 917 369 1001 τούς
396 918 598 1011 στρατηγούς
626 925 720 1011 ἔλεγέ
742 945 822 1013 σφι,
851 920 895 1006 ως
924 927 1032 996 δοκέοι
1060 933 1147 1016 ἔχειν
1172 926 1248 998 τινά

117 1018 278 1110 παλάμην,
297 1026 340 1112 τῇ
357 1025 479 1107 ἐλπίζοι
497 1028 565 1094 των
582 1027 734 1113 βασιλέος
752 1024 935 1117 συμμάχων
952 1023 1153 1116 ἀποστήσειν
1169 1027 1247 1109 τούς

116 1116 270 1210 ἀρίστους.
316 1127 423 1193 ταύτα
448 1127 510 1214 μέν
536 1155 600 1196 νυν
629 1130 660 1207 ἐς
686 1131 824 1198 τοσούτο
850 1128 1076 1220 παρεγύμνου.
1129 1133 1181 1200 ἐπὶ
1209 1132 1247 1201 δέ

115 1240 191 1292 τοῖσι
207 1223 388 1313 κατήκουσι
412 1225 579 1316 πρήγμασι
604 1226 684 1298 τάδε
709 1232 844 1318 ποιητέα
862 1252 922 1320 σφι
941 1231 1027 1302 εἶναι
1046 1239 1152 1321 ἔλεγε·
1178 1237 1247 1303 των

114 1352 145 1392 τε
165 1325 341 1416 προβάτων
363 1330 431 1399 τῶν
448 1326 627 1418 Εύβολκων
651 1330 834 1403 καταθύειν
852 1328 915 1402 ὅσα
932 1362 981 1413 τις
1002 1337 1126 1403 ἐθέλοι·
1152 1338 1245 1425 κρέσ-

113 1448 167 1496 σον
182 1425 245 1519 γάρ
264 1429 352 1500 εἶναι
370 1427 433 1519 τήν
450 1429 609 1521 στρατιήν
627 1439 714 1521 ἔχειν
730 1428 751 1522 ή
770 1431 848 1515 τούς
866 1442 1060 1525 πολεμίους·
1085 1442 1250 1526 παραίνεεΙ

112 1556 143 1597 τε
162 1548 337 1619 προειπεῖν
359 1548 445 1603 τοῖσι
469 1536 605 1604 ἑωυτῶν
624 1532 783 1615 ἑκάστους
807 1540 876 1626 πύρ
895 1532 1083 1607 ἀνακαίειν·
1109 1543 1246 1628 κομιδῆς

112 1630 145 1699 δέ
166 1631 240 1723 πέρι
257 1632 323 1724 τὴν
342 1630 433 1725 ω’ρρν
451 1631 544 1729 αύτῷ
559 1634 732 1727 μελήσειν,
762 1634 846 1707 ὥστε
864 1635 997 1720 ἀσινέας
1015 1635 1194 1710 ἀπικέσθαι
1214 1644 1246 1722 ἐς

111 1832 155 1897 tigi
167 1834 199 1884 ed
212 1834 262 1893 ΙΙΙ,
275 1835 321 1885 41.
345 1836 410 1886 Mox
422 1852 483 1885 cum
493 1834 647 1901 Schweigh.
733 1836 824 1887 ταύτα
840 1831 894 1903 μέν
912 1854 966 1888 νυν
983 1829 1011 1897 ἐς
1028 1836 1145 1888 τοσοῦτο
1158 1853 1246 1901 παρτ-

110 1904 135 1949 et
145 1900 228 1952 Geief.
243 1903 312 1953 dedi
324 1896 571 1969 βαρβάρου,αιιοσ
583 1905 649 1954 libri
699 1898 822 1971 γύμνοο]
839 1906 897 1956 ie.
915 1913 940 1956 et
956 1907 1003 1957 λοα
1038 1909 1119 1955 uidem
1136 1909 1249 1957 κοααλοί

109 1969 196 2033 scripti
218 1976 355 2036 quantum
374 1973 434 2021 ecio
454 1988 548 2023 omnes
570 1988 648 2038 pree·
698 1973 820 2025 hactenus
841 1977 942 2039 operuit
963 1976 995 2024 iis
1017 1924 1163 2038 ffiucibus).
1205 1975 1246 2025 Ad

109 2034 175 2085 bont.
193 2039 347 2089 ExAIdine
358 2040 435 2089 fluxit
446 2040 530 2091 lectio
541 2039 648 2108 βαρβα-
699 2042 812 2091 verbum
829 2040 1037 2109 παραγυμνοῦν
1060 2043 1133 2094 conf.
1150 2043 1177 2099 Ι,
1197 2041 1246 2093 126

109 2103 194 2166 ρικού,
212 2123 299 2171 quam
314 2112 409 2158 tenent
420 2108 519 2158 Mutth.
534 2113 562 2158 et
573 2108 646 2159 Bek·
700 2111 794 2174 ibique
812 2115 880 2160 nott.
916 2111 958 2160 Ad
976 2111 1142 2161 locutionem
1161 2103 1190 2169 ές
1202 2128 1245 2162 το-

109 2171 173 2233 ien,
190 2180 280 2225 ortem
295 2177 394 2243 opinor
406 2192 420 2225 e
433 2191 509 2241 seqq.
523 2169 648 2227 Ἰωνικὸν
699 2176 783 2228 σούτο
804 2179 858 2228 vid.
874 2178 961 2228 alluta
979 2178 1196 2241 adV11,9u-
1213 2181 1245 2229 In

108 2246 131 2287 et
142 2234 274 2303 Καρικόν.
297 2244 649 2295 Dietsch.recteexhibuit
699 2261 775 2311 seqq.
804 2246 891 2295 verba
919 2238 965 2297 ἐπὶ
991 2248 1064 2297 τοῖσι
1088 2239 1244 2312 κατήκουσι

20 2358 21 2363 ,
108 2306 260 2376 βαρβάρου,
280 2312 430 2376 siquidem
442 2312 498 2362 ul.
512 2313 647 2363 dehorta-
699 2307 845 2379 πρήγμασι
857 2315 965 2364 valent:
989 2332 1038 2380 pro
1054 2320 1188 2379 praesenti
1204 2332 1244 2365 re·

20 2430 21 2451 ρ
108 2392 183 2426 rorem
204 2380 222 2433 i.
245 2392 271 2429 e.
289 2379 439 2430 Persarum
461 2396 522 2445 repe
547 2382 646 2447 egitur,
699 2399 752 2431 rum
763 2388 833 2431 statu
846 2383 1000 2433 sobrerum
1009 2386 1244 2446 praesentiuntur-

108 2450 161 2495 noto
173 2445 289 2497 dicendi
301 2462 366 2505 usu,
384 2448 418 2497 de
436 2464 488 2512 quo
501 2448 555 2498 vid.
569 2449 647 2499 modo
699 2456 761 2507 tum,
783 2455 814 2498 ut
831 2449 905 2499 infre
928 2466 989 2515 cap.
1008 2450 1050 2501 40.
1071 2449 1127 2500 102.
1165 2450 1243 2503 Ceut.

109 2512 184 2563 silete
194 2516 229 2565 ed
239 2516 273 2577 V,
286 2514 331 2565 94.
350 2516 393 2565 De
404 2517 564 2567 confusione
573 2516 648 2567 haud
699 2522 767 2567 nott.
782 2516 817 2566 sd
829 2518 867 2579 V,
880 2516 921 2566 49.

109 2578 267 2647 infrequenti
285 2584 361 2633 inter
377 2574 521 2651 βάρβαρος
539 2583 647 2649 ολβαρ-
734 2599 784 2648 σφι
803 2578 879 2635 εἶναι
899 2579 987 2649 ἔλεγε]
1016 2586 1060 2634 Ito
1084 2601 1098 2635 e
1123 2584 1244 2637 Florent.

110 2642 212 2712 βαρικὸς
225 2651 305 2702 conf.
319 2652 420 2701 Herod.
433 2652 543 2711 III‚ll5
555 2653 647 2771 ibique
700 2657 840 2719 receptum
857 2670 906 2717 pro
923 2653 997 2717 vulg.
1017 2647 1167 2717 εἷναίσφι.
1203 2657 1245 2704 Ex

110 2722 165 2766 nott
177 2720 305 2785 itemque
320 2720 342 2782 1,
356 2718 397 2771 58.
409 2718 453 2770 60.
463 2747 497 2756 -
509 2721 575 2771 Post
588 2736 600 2771 ε
616 2739 648 2787 η-

110 2786 279 2837 rurWerfer.
291 2788 399 2837 inActt.
407 2788 645 2853 philoll.Monace.

108 2851 126 2899 1.
136 2870 160 2918 p.
170 2856 219 2905 κιο
229 2856 367 2905 annivuu
379 2844 430 2917 ἄν,
446 2873 498 2921 qno
508 2858 576 2906 mihi
589 2858 646 2922 qui-

108 2918 159 2970 dem
171 2923 243 2973 houd
257 2939 330 2989 opus
340 2940 399 2974 esec
411 2925 528 2974 videtur.
547 2925 647 2975 Assen-

700 2737 752 2786 quo
766 2720 861 2770 eodem
874 2738 935 2770 mox
948 2722 1097 2786 repositum
1113 2715 1243 2772 καταθύ-

700 2778 873 2846 ereduntur
891 2780 1002 2847 ἐθέλοι,
1025 2788 1073 2838 ubi
1090 2788 1173 2853 vulgo
1192 2777 1244 2839 ὅσα

698 2872 743 2916 τις
772 2848 869 2907 ἐθέλοι
895 2849 1066 2908 καταθύειν.
1107 2857 1243 2907 Matthiae

697 2931 812 2990 utroque
847 2924 908 2975 Ioco
942 2925 1083 2991 vulgatam
1121 2927 1242 2987 retinuit,

108 2988 164 3037 titur
171 2991 280 3056 Reisig.
294 2991 329 3041 nd
338 2991 464 3057 Sophocl.
477 2992 575 3057 Oedip.
587 2992 645 3043 Coi.

107 3070 162 3121 pag.
179 3056 243 3121 320,
269 3059 319 3123 qui
336 3060 470 3110 rationem
490 3060 646 3126 particulae

20 3168 21 3181 ¹
107 3125 215 3176 omIssue
229 3126 349 3177 reddere
361 3128 474 3178 studuit.

135 3187 301 3257 κατύπερθε
322 3188 469 3261 γενέσθαι]
493 3197 510 3244 i.
529 3213 553 3246 e.
571 3212 646 3260 supe-

108 3262 182 3311 riores
194 3265 256 3324 fieri
270 3264 393 3328 reliquit,
410 3268 442 3313 ut
455 3264 536 3324 VIII,
549 3263 591 3313 60.
604 3264 646 3313 75.

111 3326 222 3382 leucon.
236 3331 372 3389 vl1‚233.
386 3332 408 3393 1,
422 3331 463 3382 θλ.
477 3332 509 3393 V,
523 3331 565 3382 ou.
590 3333 646 3382 Ite·

108 3409 153 3456 que
180 3397 253 3449 idem
284 3399 343 3449 fere
369 3399 446 3449 velet
472 3405 555 3464 etque
578 3416 646 3461 κρα·

108 3466 169 3513 τείν.

137 3525 390 3607 καύεῃυυλλὲξας]
409 3534 427 3585 i.
447 3552 470 3585 e.
495 3527 572 3601 παρά
594 3533 647 3599 τήν

109 3596 266 3666 θάλασσαν,
285 3605 322 3652 ad
336 3607 416 3667 ipsum
432 3620 515 3663 mure,
535 3606 588 3669 qud
604 3604 647 3653 illi

109 3669 222 3729 erebant
232 3686 310 3731 oves,
322 3672 396 3735 cogit
405 3671 542 3722 exercitus
552 3672 645 3721 duces.

108 3734 173 3786 Hinc
185 3739 258 3788 male
271 3739 382 3803 quIdem
395 3739 479 3789 Codd.
490 3735 646 3805 ταύτην.-

108 3801 136 3851 Iu
157 3808 279 3868 proxime
303 3822 378 3872 seqq.
404 3799 541 3877 παλάμην
565 3807 646 3857 effert

109 3868 199 3922 Snidns
217 3875 270 3924 III.
293 3892 319 3940 p.
337 3874 354 3924 5
376 3891 515 3941 exponens
532 3870 643 3940 τέχνην.

109 3936 228 4003 Rectius,
247 3942 356 4008 opinor,
376 3943 598 4009 Schweighaeus.
616 3945 645 3993 in

109 4004 168 4056 Lex.
182 4010 283 4060 Herod.
295 4011 331 4060 Π.
346 4028 372 4076 p.
388 4009 433 4060 171
448 4013 646 4077 interpretetur

109 4090 186 4126 ακοωιι
199 4084 228 4127 et
238 4081 395 4129 occasionem
413 4080 471 4130 sire
483 4083 547 4129 υἰαοι
559 4084 588 4130 et
599 4096 643 4129 ra-

103 4144 191 4194 tionem
202 4147 333 4207 efficiendi
343 4149 446 4211 aliquid.
467 4147 510 4197 Cf.
520 4147 644 4212 Theogn.

109 4208 162 4261 634.
178 4211 229 4263 996
252 4219 279 4263 et
296 4213 351 4264 vid.
369 4214 448 4280 piure
466 4216 493 4264 in
510 4215 644 4265 Thesour.

109 4277 183 4343 ung.
197 4281 296 4332 Graec.
311 4281 371 4332 Vol.
382 4283 428 4333 VI.
442 4301 467 4348 p.
478 4283 511 4332 75
523 4283 566 4332 cd.
577 4283 645 4332 Din-

109 4342 172 4460 βρτλ.
206 4349 261 4400 Pro
274 4347 408 4416 βασιλῆος
420 4352 550 4417 rescripsi
566 4349 644 4417 βασι·

125 4427 174 4472 eor.

699 3009 778 3057 quum
797 2982 912 3043 eandem
930 2998 1045 3043 recenti.
1065 2993 1126 3043 edd.
1144 2994 1208 3044 iude
1227 3012 1243 3044 a

697 3060 827 3111 Bekkero
845 3061 1023 3111 retinuerunt.
1052 3062 1144 3125 Ipsum
1156 3078 1243 3111 κατα·

698 3121 799 3190 θύειν,
817 3136 944 3191 mncture,
963 3130 1009 3179 vix
1027 3129 1138 3178 multum
1152 3130 1244 3180 differt

699 3213 716 3246 α
728 3196 848 3262 simplici
861 3190 948 3247 θύειν
960 3197 987 3257 1,
1000 3197 1060 3246 216.
1077 3196 1117 3252 ΙΙ,
1131 3198 1163 3246 42
1179 3197 1242 3247 coli.

697 3265 759 3321 VII,
774 3264 831 3315 197.
863 3255 1013 3329 Εύβοϊκοῖν
1025 3265 1085 3329 (pro
1097 3264 1171 3329 vulg.
1186 3255 1243 3315 Εύ-

698 3331 828 3398 βοεικῶν)
843 3332 1008 3383 cSencrnfti
1021 3333 1090 3382 libro
1102 3332 1243 3397 alteroque

698 3401 761 3450 dedi
779 3416 839 3450 curn
857 3405 973 3450 reecntt.
987 3401 1048 3453 edd.
1079 3400 1139 3449 Vid.
1155 3399 1243 3450 allata

698 3469 733 3518 nd
750 3469 804 3529 111,
823 3466 865 3548 893
901 3469 932 3518 Iu
949 3469 1043 3518 verbis
1063 3469 1243 3533 sequentibus

697 3553 746 3601 pro
759 3538 832 3586 τοῖσι
851 3534 986 3586 ειοντοίν
1005 3527 1174 3594 ἑκάστους
1191 3536 1242 3586 Co·

698 3605 746 3653 bet
762 3606 791 3653 in
802 3605 971 3667 Mnemosyn.
985 3605 1031 3654 IX.
1051 3621 1076 3669 p.
1089 3603 1140 3652 ⁸288
1158 3604 1244 3654 scribi

697 3672 769 3723 vult:
788 3674 861 3722 τοῖσι
875 3663 996 3722 ἕωυτού
1010 3665 1157 3722 ἕκαστον.

731 3738 789 3802 πάρ
806 3730 972 3804 ἀνακαίειν]
989 3740 1050 3790 Vid.
1065 3745 1133 3789 nott.
1148 3738 1182 3789 nd
1195 3739 1242 3803 IV,

700 3808 755 3858 145.
792 3810 832 3857 Ex
850 3824 902 3872 quo
917 3808 977 3857 loco
991 3807 1106 3872 aliisque
1121 3806 1161 3857 ibi
1174 3806 1242 3856 alie·

695 3877 733 3927 tis
750 3875 816 3925 mihi
832 3876 901 3925 sutis
919 3880 1014 3940 petere
1032 3875 1153 3935 videtur,
1172 3875 1243 3938 quod

696 3960 758 3994 mox
775 3943 887 4008 legitur,
912 3941 980 4006 κύρ
997 3933 1241 4007 ἀνακαυσάμενοι,

696 4027 792 4062 eanum
823 4026 883 4061 esse
912 4026 1001 4075 neque
1030 4012 1187 4060 mutandum
1213 4012 1241 4060 in

696 4072 787 4142 πυρά
805 4070 1052 4144 ἀνακαυσάμενοι,
1072 4083 1101 4128 ut
1113 4079 1242 4143 proponit

697 4148 786 4197 Cobet
803 4149 832 4197 in
849 4148 1017 4210 Mnemosyn.
1036 4147 1084 4208 ΙΧ.
1102 4163 1167 4212 pag.
1180 4145 1239 4207 288,

698 4216 783 4280 „quia
801 4216 904 4280 passim
920 4218 992 4279 {pnes
1010 4214 1173 4265 ardebunt“.
1208 4216 1240 4262 In

696 4283 817 4348 proxime
830 4299 905 4348 seqq.
925 4283 1016 4333 verbis
1033 4276 1085 4349 τήν
1100 4270 1178 4348 ὤρην
1190 4272 1241 4329 αύ-

696 4348 735 4416 τῷ
746 4343 880 4414 μελήσειν
893 4351 989 4401 eadem
1005 4350 1082 4400 velet
1094 4354 1240 4426 structure,

697 4434 779 4483 quom
792 4419 826 4469 ed
839 4420 889 4482 VI,
903 4417 937 4469 63
949 4417 1164 4471 observavimus.
1188 4431 1241 4483 την
