2984 5154
238 416 278 477 62
673 404 937 469 HERODOTI

240 581 374 671 ἕκατόν,
398 587 529 673 μοῦνοι·
562 584 598 652 ἐν
621 589 788 669 Σαλαμῖνι
812 576 875 668 γάρ
898 573 939 648 οά
963 573 1262 666 συνεναυμάχησαν
1285 583 1374 645 Πλα-

237 688 342 765 ταιέες
368 682 574 773 Ἀθηναίοισι
598 678 654 751 διὰ
682 679 814 751 τοιόνδε
842 709 873 749 τι
896 683 1044 771 πρῆγμα
1072 674 1377 766 ἀπαλλασσομένων

237 791 306 857 τοῖν
319 782 486 874 Ἑλλήνων
503 781 640 855 ἀπὸτοῦ
655 780 870 874 Ἀρτεμισίου,
890 776 934 863 ὡς
953 785 1101 869 ἐγίνοντο
1119 776 1201 850 κατά
1213 784 1375 877 Χαλκίδα,

237 894 272 957 oi
286 890 468 968 Πλαταιέες
492 884 675 973 ἀποβάντες
701 888 734 965 ἐς
751 880 814 972 τὴν
838 890 981 974 περαίην
1001 886 1060 970 τῆς
1078 889 1239 970 Βοιωτίης
1256 878 1375 971 χώρης,

238 987 319 1081 πρὸς
338 985 516 1080 ἐκκομιδὴν
534 985 713 1077 ἐτράποντο
738 989 807 1055 τῶν
824 986 988 1054 οἰκετέων.
1030 973 1124 1053 οὗτοι
1140 985 1203 1073 μέν
1220 1011 1285 1069 νυν
1301 980 1376 1053 ’τού-

237 1119 316 1173 τους
334 1090 491 1175 στίζοντες
511 1093 725 1178 ἐλείφθησαν.
760 1082 932 1175 Ἀθηναῖοι
957 1086 1010 1175 δέ,
1036 1087 1088 1155 ἐπὶ
1106 1085 1169 1175 μέν
1191 1086 1377 1171 Πελασγῶν

240 1189 461 1281 ἐχόντωντὴν
485 1195 551 1262 νῦν
564 1185 704 1260 Ἐλλάδα
721 1191 942 1278 καλεομένην,
966 1176 1053 1276 ἦσαν
1070 1187 1255 1275 Πελασγοὶ,
1279 1181 1377 1255 οάνο·

238 1392 306 1453 rint‚
337 1390 554 1456 qnandoquidem
578 1391 606 1440 in
629 1405 722 1455 pugna
745 1388 781 1438 ad
832 1388 905 1437 mine
928 1387 1038 1452 proprio
1061 1386 1160 1438 Noster
1181 1385 1313 1436 habuisse
1334 1384 1377 1434 si-

139 1455 143 1463 '
238 1460 414 1509 Artemisium
426 1461 554 1508 diaddiom
568 1465 670 1522 partem
682 1460 781 1506 Attico·
832 1455 913 1504 detur
927 1454 1059 1520 περαίην.
1089 1455 1186 1518 Itaque
1205 1453 1297 1502 malIm
1315 1452 1378 1501 red·
1476 1456 1477 1521 J

237 1543 292 1576 rum
309 1530 406 1576 naniam
421 1531 649 1577 aulnerntmnesse
662 1524 780 1575 aitscri·
833 1524 911 1572 dere:
937 1526 962 1571 in
984 1538 1056 1572 oram
1074 1522 1200 1572 Boeotiae
1223 1522 1378 1600 oppositam.

238 1598 300 1659 pter
318 1610 378 1659 cap.
401 1593 432 1643 18
453 1609 541 1658 neque
566 1595 606 1644 eis
623 1591 780 1642 reficiendis
833 1617 865 1626 -
883 1590 915 1639 In
927 1605 1002 1654 seqq.
1017 1590 1051 1639 nd
1068 1604 1165 1639 vocem
1177 1582 1290 1646 οίκετας
1303 1588 1378 1637 coni.

238 1662 405 1727 suppetiisse
424 1661 549 1713 videatur
566 1660 704 1727 tempus.⁸‘
738 1660 781 1708 'I'n
832 1662 900 1707 nott.
921 1658 954 1707 ad
975 1658 1054 1720 VIII,
1077 1657 1106 1719 4,
1135 1661 1163 1707 et
1199 1657 1252 1706 uod
1276 1656 1380 1705 attinet

237 1729 292 1780 vid.
306 1744 376 1794 quae
394 1730 428 1779 de
441 1730 550 1780 narium
562 1730 715 1779 Atticarum
731 1742 781 1776 nu·
834 1726 869 1775 ad
886 1725 1068 1775 locutionem:
1092 1717 1165 1789 πρὸς
1180 1672 1380 1804 λατομιὸἡν

238 1812 312 1846 mero
341 1799 376 1847 ad
399 1796 478 1859 VIII,
505 1797 517 1846 l
544 1797 709 1847 notavimus.
748 1796 780 1844 In
833 1784 989 1858 ἐτράποντο
1011 1792 1068 1841 τῶν
1090 1786 1224 1842 οίιιετὲων
1246 1792 1275 1854 (ι.
1295 1807 1319 1841 e.
1343 1791 1382 1839 ad
1476 1818 1477 1823 =

238 1880 313 1929 seqq.
326 1880 421 1915 vocem
433 1863 534 1930 μοῦνοι
548 1880 608 1915 curn
621 1865 650 1915 vi
664 1863 780 1928 quadam
831 1876 919 1911 aereos
935 1875 995 1912 εαοε
1012 1861 1191 1924 exportandos
1207 1860 1233 1909 ia
1250 1862 1324 1909 αλίιαιι
1343 1861 1380 1908 lo·
1476 1858 1477 1887 ³

239 1932 303 1981 addi
320 1934 349 1981 in
371 1933 527 1983 sentcntiae
551 1932 676 1982 clausula
702 1945 781 1980 uerno
830 1944 885 1979 cum
909 1935 934 1978 et
957 1935 983 1978 {a
1003 1935 1058 1979 tato
1081 1928 1242 1979 collocandos
1267 1941 1296 1976 re
1316 1941 1380 1975 con-

238 2015 292 2048 non
311 2000 395 2050 videt.
436 2001 514 2049 Nunc
539 2000 610 2048 enim
632 2003 681 2048 coli
698 1998 781 2047 Athe·
831 1999 972 2057 verterant)
996 1996 1069 2046 coni.
1094 1996 1174 2058 VIII,
1198 1993 1240 2044 20.
1260 1994 1306 2054 32,
1330 1988 1380 2042 nbi
1476 1990 1477 1995 ’

239 2068 362 2129 nleuses,
382 2067 465 2116 nullis
478 2066 624 2132 assumptis
636 2066 783 2115 Plataeen·
832 2065 917 2115 verbo
940 2056 1142 2130 ἐκκομίζεσθαι
1165 2063 1264 2113 Noster
1290 2063 1319 2110 in
1343 2062 1381 2110 si-

238 2134 325 2195 sibus,
346 2135 392 2198 qui
411 2139 493 2184 antea
508 2134 576 2198 ipsis
588 2133 689 2185 milites
701 2147 781 2198 prae·
833 2132 891 2181 mili
909 2148 939 2181 re
951 2131 1155 2197 significatione
1173 2131 1268 2181 eadem
1280 2130 1379 2179 utitur.

238 2201 357 2250 buerant
369 2200 417 2263 (ei.
430 2202 505 2264 VIII,
521 2202 552 2264 Ι),
572 2206 613 2250 tot
630 2217 717 2252 naves
736 2216 780 2250 es·
867 2190 914 2250 tat
931 2192 985 2260 pta
1003 2197 1159 2264 Πελασγῶν
1181 2191 1304 2264 ἐχόντων
1323 2190 1382 2263 τὴν

238 2268 344 2317 hibent.
363 2270 500 2320 Dissentit
513 2269 706 2329 ubilerodoto,
719 2268 783 2317 Plu·
833 2266 887 2317 νῦν
901 2259 1025 2318 Ἐλλάδα
1041 2260 1232 2333 καλεομένην]
1253 2266 1271 2314 ἰ.
1284 2281 1308 2315 ο.
1327 2280 1381 2331 qun
1476 2316 1477 2321 ,

239 2342 367 2386 taeenses
386 2337 525 2402 inpugna
543 2336 696 2386 Salaminia
713 2352 781 2401 ρος·
832 2341 944 2400 tempore
956 2336 1061 2399 Ρτὶαιμί
1073 2336 1218 2395 Graeciam,
1236 2349 1300 2399 qaae
1312 2350 1383 2382 name

238 2418 320 2457 nasse
344 2412 478 2469 negante,
505 2404 707 2454 Demosthenes
735 2404 781 2468 qni
832 2407 926 2453 distem

164 2525 172 2543 ·
237 2470 320 2536 vulgo
339 2472 497 2536 perhibetur
519 2473 626 2523 advers.
644 2472 781 2521 Neaeram
832 2441 1035 2536 gnifiealionem
1054 2470 1081 2521 h.
1099 2471 1118 2520 l.
1137 2472 1213 2520 utin
1235 2470 1381 2534 sequenti-

237 2540 260 2599 §.
280 2539 321 2588 uo.
341 2555 405 2605 pag.
425 2539 489 2589 1377
507 2539 617 2601 Reislr.,
641 2540 687 2604 qui
709 2539 780 2588 idem
833 2540 883 2587 bns
901 2538 994 2588 verbis
1017 2530 1064 2588 ἐτιλ
1082 2531 1115 2588 di
1131 2533 1279 2602 Κέκροπος
1297 2534 1381 2602 βασι·

237 2606 419 2657 Plataeenses
437 2607 473 2656 url
485 2607 684 2672 Thermopylas
702 2606 781 2655 dimi·
833 2601 895 2663 λεός
914 2606 942 2668 (i.
957 2613 1118 2670 crepitante
1138 2610 1264 2670 acopo,
1283 2620 1305 2655 s.
1325 2619 1381 2669 quo

238 2688 318 2724 casse
338 2676 436 2738 tradit,
455 2675 524 2724 licet
537 2675 692 2725 Herodotus
710 2674 779 2737 (Vll,
832 2678 953 2739 ternpore
967 2673 1088 2738 Cecrops
1100 2673 1247 2738 regnabat)
1260 2687 1380 2738 praepo-

236 2741 298 2804 202)
321 2743 425 2792 nullam
443 2758 535 2792 eorum
558 2744 723 2792 mentionem
741 2741 781 2791 fe·
832 2742 895 2791 sitio
914 2732 961 2791 int
979 2741 1077 2805 habet,
1102 2741 1173 2806 quod
1195 2740 1240 2791 vol
1258 2741 1380 2806 genitivi

239 2810 316 2859 uerit.
353 2810 407 2859 Sed
430 2811 517 2859 maior
533 2811 563 2859 in
580 2810 624 2859 his
641 2809 780 2859 Herodoto
833 2809 953 2858 absoluti
971 2811 1017 2874 qni
1035 2825 1096 2859 mox
1114 2814 1264 2874 sequuntur
1285 2798 1381 2871 (έκθε-

238 2876 306 2924 fides
324 2892 405 2943 quam
417 2877 581 2942 Apollodoro
599 2879 658 2927 sive
673 2878 780 2927 incerto
833 2870 957 2943 ξαμένου
973 2904 1005 2911 -
1021 2867 1173 2942 Ἐρεχθέος
1191 2882 1220 2927 et
1230 2865 1325 2934 Ἴωνος
1344 2902 1381 2911 -

958 2403 1091 2459 tenebant,·
1110 2402 1239 2467 temporis
1254 2402 1327 2450 enim
1341 2402 1380 2450 si·
1476 2428 1477 2457 1

237 2944 378 3008 scriptori,
399 2945 445 3008 qui
461 2944 654 2997 Demosthenis
672 2944 780 2994 nomine
832 2939 998 3009 γενομένου)
1011 2945 1149 3007 indicant3
1169 2944 1224 2995 vid.
1238 2943 1341 2993 Herod.
1357 2944 1379 3004 l,
1476 2994 1477 2999 ,

238 3010 340 3060 abusus
373 3012 446 3061 hanc
475 3012 628 3062 orationem
662 3012 781 3062 conseri·
831 3014 952 3077 hibique
965 3017 1032 3063 nott
1051 3013 1073 3076 1,
1089 3011 1129 3062 15.
1146 3011 1188 3062 bb.
1205 3010 1247 3062 bb.
1265 3010 1307 3061 94.
1327 3011 1379 3075 IV,
1476 3022 1477 3053 ἑ

236 3079 326 3142 psiese
348 3084 474 3143 putatur:
498 3093 552 3143 quc
570 3079 604 3129 ‹le
626 3095 656 3129 re
674 3080 729 3129 vid.
748 3079 779 3127 A.
831 3079 855 3129 5.
882 3080 920 3130 ΙΙ.
943 3079 969 3129 8.
1014 3080 1091 3131 Intra
1117 3080 1197 3143 VIII,
1220 3078 1255 3128 50
1276 3080 1382 3129 Noster

237 3145 384 3195 Schaefer:
407 3147 608 3197 Demosthenes
629 3146 683 3197 und
704 3147 781 3196 seine
832 3150 934 3198 omissa
945 3148 1152 3213 praepositione
1164 3147 1289 3212 scripsit:
1302 3147 1381 3197 Καλ-

237 3213 308 3263 Zeit.
331 3214 386 3276 Ill,
410 3214 436 3263 2.
459 3230 523 3280 pag.
549 3213 596 3264 ΙΙΙ)
618 3229 694 3279 seqq.
737 3216 780 3263 De
832 3212 936 3267 λιιίδεω
947 3207 1093 3281 ἄρχοντος.
1121 3216 1214 3277 Quare
1226 3213 1282 3264 noli
1296 3215 1330 3263 de
1344 3229 1380 3263 ea
1476 3264 1477 3267 ,

238 3279 451 3331 Plataeensibus
463 3283 517 3332 vid.
533 3281 566 3332 G.
577 3281 610 3333 0.
620 3281 779 3332 Friedrich:
830 3283 1034 3349 significatione
1047 3284 1260 3349 praepositionis
1270 3273 1319 3333 tat
1332 3298 1380 3332 co·
1476 3302 1477 3305 ¹

236 3348 314 3398 Rern.
337 3349 474 3400 Plataico.
499 3350 618 3416 Speclm.
647 3349 779 3413 (Berolin.
830 3346 936 3417 είλετο,
956 3366 1009 3416 qua
1020 3353 1171 3416 appellandi
1186 3350 1279 3402 verbis
1298 3349 1380 3400 addi-

238 3415 317 3481 1841)
334 3433 399 3483 pag.
420 3416 459 3467 lo.
832 3425 887 3482 tur,
916 3418 950 3469 de
973 3435 1028 3485 qna
1048 3420 1104 3471 vid.
1127 3424 1197 3469 nott
1222 3419 1256 3468 od
1280 3420 1309 3479 l,
1337 3417 1379 3467 ΙΙ.

272 3477 320 3533 διά
339 3480 453 3535 τοιόνδε
474 3501 500 3535 τι
519 3482 697 3564 πρῆγμαηΕ
715 3484 780 3534 Flo·
830 3487 882 3551 IV,
906 3487 948 3537 45.
992 3489 1055 3537 Mox
1082 3488 1183 3553 scripsi
1208 3477 1381 3552 Ἐρεχθέος

236 3558 316 3613 τιατ,
335 3553 418 3614 Med,
438 3552 502 3603 aliis
521 3547 780 3618 διάτοιονδεπρῆ·
830 3571 878 3619 pro
897 3554 969 3620 vulg.
989 3544 1168 3621 Ἐρεχθῆος,
1193 3555 1229 3605 de
1248 3569 1302 3620 quo
1320 3554 1379 3605 vid.
1476 3572 1477 3577 ¹

235 3634 294 3684 γμα
310 3619 734 3687 dederuntSchweighaeuserus
753 3627 782 3671 et
831 3628 899 3673 nott.
925 3622 960 3672 ad
982 3623 1046 3684 VII,
1068 3621 1131 3687 189,
1155 3624 1275 3687 itemque
1300 3622 1379 3699 edidi
1476 3650 1477 3671 ι

237 3687 326 3737 (laist.
362 3687 451 3753 Vulgo
473 3694 535 3755 post
551 3683 665 3740 τοιόνδε
683 3690 780 3739 inseri-
830 3683 1123 3756 μετωνομάσθησαν
1140 3707 1189 3758 pro
1201 3705 1380 3756 μετωνομα-

236 3761 280 3804 tur
297 3770 339 3819 τι,
359 3756 429 3820 quod
447 3758 572 3822 equidem
591 3773 651 3807 cum
669 3758 777 3821 Μελίη,
830 3758 955 3825 σθησαν,
973 3765 1004 3809 ut
1022 3761 1067 3822 lV,
1090 3758 1145 3823 189,
1165 3760 1211 3809 ubi
1230 3758 1287 3809 vid.
1306 3764 1380 3810 nott.
1476 3780 1477 3827 η

236 3822 365 3872 Bekkaro
383 3828 411 3873 et
428 3839 483 3876 rec.
503 3825 563 3874 edd.
582 3826 693 3875 retInui.
828 3827 892 3877 Alia
915 3842 985 3892 qnae
1009 3828 1037 3877 in
1055 3828 1117 3877 loco
1134 3826 1292 3877 Herodoteo
1310 3826 1380 3876 olim
1476 3840 1477 3845 ¹

270 3883 299 3947 ές
325 3887 378 3941 τ’ν
403 3892 528 3958 περαίην
553 3891 604 3958 τῆς
629 3891 777 3959 Βοιωτίης]
830 3899 988 3945 tentaverat
1005 3895 1141 3959 Koenius,
1163 3895 1244 3945 libris
1261 3895 1380 3960 seriptis

236 3908 371 4024 „1120an
388 3957 439 4024 τῆς
456 3958 605 4025 Βοιωτίης,
626 3977 697 4025 quae
716 3976 779 4011 con·
829 3962 938 4024 invitis,
962 3963 1087 4012 omittere
1104 3966 1237 4028 praestat.
1273 3962 1381 4028 attigit

236 4030 280 4074 tra
293 4026 453 4077 Chalcidem
471 4029 500 4076 in
514 4029 648 4078 Boeotiae
666 4028 780 4092 finibns;
831 4030 991 4081 Herodotea
1013 4031 1176 4081 Eustnthios
1200 4030 1234 4080 nd
1256 4030 1379 4094 Dionys.

237 4094 388 4144 cuiusmodi
410 4098 518 4159 περαία
535 4094 586 4162 τῆς
608 4087 696 4154 ’λσίας
713 4097 779 4146 Dio·
831 4099 970 4163 Perleget.
1000 4096 1050 4148 423
1084 4101 1205 4164 itemque
1240 4098 1381 4162 Soymuus

236 4160 302 4211 doro
319 4163 381 4223 XX,
401 4162 433 4212 97
451 4164 535 4213 Asiae
553 4164 720 4214 contiuentis
737 4180 781 4213 re·
831 4165 928 4226 Chius,
959 4168 1006 4230 qni
1027 4167 1121 4216 varias
1143 4167 1254 4216 Atticae
1280 4170 1380 4216 terrae

236 4231 296 4295 gio,
317 4230 496 4280 exadversum
515 4230 633 4281 insulam
646 4231 778 4293 Rhodum,
831 4239 913 4299 atque
927 4234 1076 4284 incolarum
1089 4236 1149 4284 eins
1161 4232 1379 4300 appellationes.
1431 4268 1434 4275 ·

236 4300 339 4347 Peraea
361 4299 434 4363 apud
456 4300 564 4348 Livium
582 4300 697 4362 XXXII,
719 4299 779 4349 13.“
831 4317 899 4366 quas
921 4301 1076 4352 Herodotus
1097 4302 1149 4352 hoc
1172 4302 1234 4352 loco
1258 4303 1379 4367 profert,

242 4368 374 4417 li'essel.
403 4365 472 4415 Mihi
490 4372 583 4416 tamen
601 4369 646 4417 vix
666 4383 715 4433 pro
731 4383 777 4417 no·
831 4385 864 4419 ex
875 4369 928 4419 hoc
942 4371 1002 4435 ipso
1015 4370 1149 4435 scriptore
1165 4369 1257 4419 retulit
1269 4369 1381 4421 veow
1427 4420 1433 4433 .
1476 4394 1477 4431 3
