2850 5130
199 416 261 478 666

232 596 286 632 non
300 580 456 647 gignuntur
472 578 502 630 in
512 574 585 630 Eleo
598 595 681 646 agro,
701 579 750 643 IV,

231 664 274 717 39.
291 663 429 717 mulorum
438 663 548 734 species
559 663 673 731 Scythis
685 663 751 715 hor-

231 749 334 814 renda,
358 749 411 814 IV,
431 747 489 800 139.
520 748 611 800 mulae
636 766 690 801 non
708 749 750 801 fe-

231 842 299 886 runt
311 833 415 900 frigus,
429 834 478 899 IV,
490 833 524 884 28
537 840 593 885 not.
603 862 637 871 -
650 833 749 899 mulus,

231 919 258 985 l,
277 920 311 971 bb
330 926 389 970 not.
418 917 486 970 nauli
509 917 538 968 in
557 916 633 970 ludis
651 917 749 985 Olym-

230 1004 316 1073 pico,
337 1011 396 1055 not.
415 1003 450 1054 ad
468 1002 517 1067 IV,
535 1002 578 1054 39.

196 1086 306 1141 Maleto
319 1086 478 1154 Phrynicho
492 1086 638 1155 imposita,
657 1088 704 1154 VI,
718 1089 748 1139 21

231 1181 290 1227 not.
308 1172 432 1225 Mulctae
444 1172 499 1224 diis
512 1172 636 1238 solutae,
650 1173 705 1238 ΙΙΙ,
718 1173 751 1223 52

230 1265 288 1311 not.

196 1343 314 1408 Mulier,
332 1338 456 1395 tunicam
469 1359 586 1408 exuens,
605 1341 687 1395 simul
702 1359 750 1395 ue-

230 1427 393 1480 recundiam
412 1427 503 1493 exuit,
523 1428 545 1493 I,
563 1427 580 1478 8
598 1433 656 1479 not.
675 1428 712 1479 cf.
726 1444 750 1478 c.

231 1512 272 1564 10.
292 1541 325 1551 -
346 1512 479 1565 mulieres
503 1529 558 1564 non
582 1528 676 1564 omnes
700 1528 750 1579 pa-

229 1598 308 1649 riunt
325 1596 438 1665 expleto
457 1597 564 1649 decimo
577 1613 683 1661 mense,
702 1596 750 1662 VI,

228 1682 262 1733 69
281 1690 352 1747 not,
377 1682 426 1733 ubi
444 1682 478 1734 de
497 1689 623 1750 tempora
641 1689 750 1750 partus.

227 1795 262 1804 -
279 1765 425 1818 mulierum
445 1774 521 1819 artes
534 1765 648 1819 dolosae
662 1767 690 1818 in
704 1782 749 1819 re-

228 1852 276 1919 gia
293 1850 371 1916 aule,
390 1851 418 1917 I,
438 1850 546 1902 11-13.
564 1851 621 1916 ΙΠ,
640 1851 749 1904 67-69.

229 1937 368 2002 134711,
387 1938 412 1988 ².
430 1936 455 1988 3.
469 1963 504 1972 —
522 1935 653 1989 mulieres
666 1936 750 2004 Argi-

228 2040 280 2075 vae
299 2024 413 2076 mairem
431 2020 494 2089 pios
511 2019 657 2074 habentem
676 2021 750 2074 filios

220 2104 409 2177 'praedicant,
423 2106 445 2169 Ι,
459 2105 501 2157 31.
525 2105 664 2171 mulieris,
678 2122 750 2174 quae

229 2210 284 2245 non
302 2192 358 2244 nisi
378 2206 438 2251 cum
457 2206 508 2242 suo
523 2189 627 2244 merito
646 2207 748 2243 coneu-

227 2279 342 2343 buarat,
362 2274 445 2333 utini
457 2274 580 2327 Pheroni
597 2275 658 2342 regi
670 2275 749 2327 visus

228 2356 391 2427 restitutus,
411 2360 464 2424 ΙΙΙ,
478 2359 537 2412 111.
548 2387 583 2397 -
600 2359 700 2413 mulier
716 2378 749 2412 ex

227 2445 435 2501 deformissime
447 2445 650 2499 formosissima
661 2446 749 2511 iacta,

213 2533 277 2597 ·v1‚
289 2531 321 2584 61
337 2538 396 2583 not.
414 2529 515 2583 mulier
532 2529 702 2598 semivipera
715 2548 748 2583 ex

227 2615 351 2669 Hercule
377 2622 437 2667 tres
464 2615 591 2683 concipit
616 2614 692 2668 lilios
718 2615 747 2667 in

227 2701 354 2769 Scythia,
367 2699 414 2764 IV,
424 2698 442 2750 9
451 2707 513 2752 not.
524 2700 666 2767 mulieres,
677 2717 748 2768 quae

228 2784 371 2839 oraculum
382 2785 411 2835 in
417 2784 566 2838 Graeciam
576 2784 746 2850 intulerunt,

227 2870 373 2924 columbae
385 2876 518 2935 vocatae,
536 2869 574 2935 ΙΙ,
587 2869 629 2921 56,
642 2871 675 2920 57
689 2878 748 2927 not.

227 2954 358 3007 mulieres
369 2950 444 3021 apuli
454 2954 612 3021 Aegyptios
622 2954 748 3008 virorum

228 3057 314 3107 opera
324 3038 443 3103 iaciunt,
456 3039 495 3103 ΙΙ,
502 3039 543 3092 36.
561 3038 691 3092 mulieres
705 3038 746 3091 la-

226 3124 357 3177 boriosae
374 3123 530 3189 Paeonum,
549 3124 588 3190 V,
602 3125 643 3175 12.
661 3124 701 3176 13.
712 3152 747 3161 -

227 3210 302 3280 apud
313 3208 461 3261 Issedones
471 3226 588 3277 aequam
602 3226 663 3261 curn
673 3208 746 3261 viris

226 3302 394 3364 potestatem
403 3293 516 3360 habent,
527 3288 749 3362 luno—apud

226 3381 351 3433 Zaueces
361 3395 462 3431 currus
473 3378 641 3446 aurigantur
650 3378 680 3431 in
689 3378 747 3430 bel-

226 3466 299 3532 lum,
313 3465 362 3531 IV,
377 3463 425 3516 193
438 3471 495 3515 not.
514 3463 647 3516 mulieres
660 3480 747 3532 super

227 3549 322 3602 mariti
336 3544 473 3601 tumulum
487 3548 654 3616 iugulantur
671 3549 745 3618 apud

226 3634 489 3700 Thraces,V,5not.
500 3633 746 3702 mulieribusapud

226 3718 372 3773 Gindanes
396 3719 495 3771 honori
524 3729 568 3771 est
590 3735 651 3772 curn
674 3718 746 3771 uiris

226 3820 307 3872 qnam
326 3803 453 3871 plurimis
472 3804 670 3871 concubuisse,
695 3803 745 3868 IV,

225 3888 276 3942 176
289 3897 346 3941 not.
365 3888 496 3941 mulieres
512 3890 672 3958 promiscue
684 3905 746 3940 cum

224 3972 297 4027 uiris
310 3975 414 4026 co'e'unt
427 3974 501 4041 apud
514 3973 701 4042 Massagetas,
721 3973 744 4038 Ι,

226 4058 286 4111 196.
297 4058 539 4111 ausonensium.
553 4058 653 4110 mulier
662 4074 745 4110 sacra

226 4145 255 4203 iu
273 4142 337 4196 Beli
353 4142 458 4210 temple
480 4141 556 4194 etin
574 4142 651 4194 Iovis
669 4143 745 4195 The·

224 4229 292 4282 bani
310 4227 394 4292 aede,
414 4227 436 4291 Ι,
457 4226 505 4278 182
523 4235 628 4279 not.-
646 4227 744 4281 mulie-

226 4333 272 4368 res
286 4312 360 4382 apud
369 4311 543 4378 Babylonios
555 4313 640 4365 semel
649 4312 680 4365 in
690 4314 743 4365 Ve-

227 4400 302 4453 neris
321 4398 425 4466 templo
444 4414 505 4450 cum
518 4398 581 4451 viro
594 4397 745 4467 peregrino

575 413 600 471 Ι.
636 413 776 472 INDEX
796 412 955 504 RERUM.

811 580 1016 644 concumbunt,
1036 580 1060 645 Ι,
1080 579 1130 632 199
1146 588 1205 632 not.
1233 578 1347 632 mulie-

811 681 858 716 res
876 671 1023 730 emuntur,
1043 664 1078 730 V,
1090 664 1107 717 6
1121 671 1179 718 not.
1202 664 1349 716 mulieres

811 748 1274 817 apudBebyloniosetVenotosia
1283 766 1350 803 na-

810 833 971 887 trimonium
985 852 1002 886 a
1011 850 1151 902 praecone
1159 833 1348 899 venduntur,

810 918 838 984 Ι,
859 918 908 970 196
925 927 984 972 not.
1001 946 1036 956 —
1059 919 1194 973 Mulieres
1217 919 1247 970 in
1266 934 1351 971 eon-

810 996 891 1079 vivia
907 1004 1062 1070 adiuuere,
1086 1004 1183 1058 Persis
1201 1013 1244 1056 est
1261 1020 1347 1069 nes,

810 1088 942 1141 mulieres
961 1091 1091 1142 Graecae
1108 1090 1223 1155 absunt,
1242 1088 1287 1153 V,
1313 1088 1350 1139 18

811 1181 870 1226 not.
900 1172 1032 1227 mulieres
1051 1175 1116 1226 fuso
1134 1183 1164 1227 et
1181 1173 1255 1237 colo,
1286 1190 1349 1225 mee

810 1274 878 1309 vero
892 1259 1019 1312 exercitu
1032 1258 1192 1324 donandae,
1211 1257 1258 1319 lV,
1278 1256 1349 1310 len.

811 1343 885 1411 apud
895 1341 1000 1396 Perses
1017 1359 1084 1395 vero
1102 1343 1176 1396 aliua
1194 1359 1262 1407 mos,
1287 1342 1348 1407 ΙΧ,

812 1426 871 1479 169.
882 1454 916 1464 ·-
927 1427 1029 1480 mulier
1042 1428 1150 1493 vocari,
1163 1427 1258 1480 Persis
1276 1444 1348 1479 na-

811 1511 912 1564 ximum
933 1512 1131 1581 opprobrium,
1150 1511 1198 1578 lx,
1214 1510 1261 1563 167
1266 1548 1277 1563 .
1300 1514 1347 1565 el.

814 1613 877 1665 cap.
888 1596 932 1648 20.
945 1606 975 1649 et
987 1597 1066 1662 VIII,
1079 1596 1124 1648 88.
1134 1624 1168 1632 -
1185 1594 1348 1649 mulierum

811 1680 899 1733 mutui
913 1689 1012 1748 raptus
1029 1680 1242 1735 inimicitiarum
1254 1681 1348 1734 iuter

810 1766 937 1818 Graecos
955 1773 985 1819 et
997 1765 1083 1819 Asiae
1101 1765 1221 1835 populos
1239 1766 1346 1833 prima

810 1850 903 1918 origo,
928 1851 955 1917 Ι,
974 1851 987 1901 1
1008 1858 1067 1903 not.
1085 1851 1111 1902 5.
1137 1851 1175 1902 el'.
1192 1850 1250 1915 111,
1274 1851 1346 1904 las.

810 1935 845 1986 ob
856 1934 988 1988 mulieres
998 1934 1258 1987 bellumPersarnn
1267 1936 1346 1989 adv.

810 2020 968 2087 Aegyptum
987 2028 1166 2085 commotum,
1185 2019 1344 2085 ΙΙ1,1-3.

810 2103 942 2157 mulieres
954 2104 1116 2172 Minyarum
1128 2104 1244 2158 maritos
1260 2122 1343 2175 sup-

810 2188 896 2255 plicio
914 2189 1047 2256 liberent,
1066 2189 1116 2256 IV,
1130 2189 1180 2241 116
1191 2200 1251 2241 not.
1271 2207 1341 2242 mu·

809 2271 894 2325 lieres
905 2282 974 2327 vett
982 2291 1080 2342 panem
1092 2270 1342 2340 coniiciuntVll,

809 2358 857 2410 187
877 2365 935 2411 not.
953 2359 1033 2426 VHI,
1054 2359 1101 2412 137
1120 2368 1179 2412 not.
1196 2358 1342 2413 mulieres

809 2442 1022 2496 Atheniensium
1044 2443 1190 2497 Braurone
1213 2444 1343 2511 rapiunt

808 2528 937 2596 Pelasgi,
954 2529 1009 2596 IV,
1030 2529 1077 2581 145
1096 2536 1155 2581 not.
1182 2536 1212 2582 et
1229 2539 1342 2596 posue

807 2614 837 2666 in
855 2613 961 2667 Lemno
978 2613 1170 2679 interficiunt,
1197 2614 1251 2679 VI,
1272 2615 1343 2668 138.

806 2726 841 2736 -
858 2696 1037 2752 Lemniorum
1061 2699 1193 2752 mulieres
1211 2700 1340 2753 marium

808 2800 874 2836 suos
887 2792 1002 2849 necnt,
1017 2784 1066 2849 VI,
1081 2783 1138 2836 138.
1149 2811 1184 2821 -
1196 2783 1339 2838 mulieres

808 2868 1029 2936 Babyloniorum
1064 2869 1260 2937 strangulatae
1299 2888 1338 2922 ne

808 2954 979 3007 frumentum
991 2955 1185 3019 absumerent,
1202 2953 1256 3018 ΙΙΙ,
1273 2954 1338 3007 150.

807 3040 845 3091 cf.
865 3056 889 3090 c.
908 3039 966 3091 169.
993 3039 1094 3091 mulier
1112 3039 1142 3090 in
1160 3037 1264 3107 templo
1285 3038 1338 3091 Io·

806 3123 851 3175 vis
869 3123 1034 3190 Babylonii,
1054 3124 1077 3189 Ι,
1092 3124 1141 3175 182
1153 3132 1211 3175 not.
1230 3121 1335 3176 malie-

808 3224 888 3260 resa
908 3207 1008 3260 ricinis
1026 3207 1140 3277 populis
1155 3206 1334 3274 Babylonem

808 3292 908 3345 missae
919 3292 1001 3346 Darii
1014 3291 1102 3357 iussu,
1116 3310 1140 3343 c.
1152 3291 1209 3343 159.
1228 3291 1334 3345 mulie-

806 3377 886 3431 ribus
899 3377 1087 3433 Barcaeorum
1100 3394 1234 3451 mammae
1245 3394 1333 3446 prae·

807 3471 901 3516 sectae
912 3462 1103 3529 aPheretime,
1111 3462 1332 3528 [Vm—na-

807 3548 892 3601 lieres
905 3546 1062 3617 stupiando
1074 3547 1226 3612 extinctae,
1246 3547 1329 3613 VIII,

806 3632 849 3686 33.
862 3634 994 3688 mulieres
1004 3632 1117 3687 Atticae
1126 3632 1326 3686 vestimentu·

807 3727 976 3786 permutant,
992 3719 1026 3785 V,
1039 3718 1072 3769 87
1086 3725 1143 3771 not
1162 3717 1328 3771 Corinthiae

808 3813 909 3857 ornatu
927 3812 957 3856 et
968 3802 1145 3857 uestimentis
1157 3810 1273 3869 exutae,
1293 3802 1325 3863 V,

806 3887 839 3940 92
849 3897 906 3941 not.
920 3888 1113 3958 Aegyptiacae
1126 3904 1209 3941 unam
1221 3888 1326 3941 haheat

805 3981 921 4039 vestem,
935 3973 973 4038 ΙΙ,
984 3973 1025 4026 36.
1044 3973 1183 4041 Libyssae
1195 3972 1325 4026 mulieres

805 4058 880 4111 vesti
902 4058 1114 4112 circumiieiunt
1138 4058 1270 4111 thoraoes
1292 4074 1324 4109 ex

804 4142 879 4210 pelle
898 4144 1024 4212 caprina,
1044 4143 1093 4210 lV,
1113 4142 1162 4195 189
1173 4152 1232 4197 not.
1251 4141 1321 4212 apud

804 4228 950 4281 Gindanes
979 4228 1085 4282 fascias
1112 4228 1251 4297 plurimas
1275 4244 1320 4294 ge»

804 4320 896 4383 stant,
919 4313 974 4379 IV,
997 4314 1054 4366 176.
1090 4312 1224 4366 mulieres
1248 4308 1319 4364 virili

805 4399 927 4464 virtute,
947 4398 1026 4464 VIII,
1044 4398 1086 4450 88.
1105 4398 1143 4452 cl.
1161 4399 1190 4465 I,
1208 4397 1254 4450 184
1265 4413 1317 4462 seo·
