2984 5154
216 411 256 472 48
649 402 919 465 HERODO'H

216 586 287 667 τιῆς
304 582 411 649 τοῖνδε
431 583 559 667 εἵνεκα,
577 573 664 657 ὅκως
683 574 886 664 συλήσαντες
904 571 940 643 τὸ
960 570 1050 663 ίερόν
1067 569 1105 643 τύ
1125 577 1161 644 ἐν
1180 582 1357 662 Δελφοῖσι,

216 681 348 770 βασιλέι·
363 682 468 770 Ξέρξῃ
492 674 685 762 ἆποδέξειεν
707 675 748 748 τὰ
764 676 921 768 χρήματα.
965 673 1074 746 πάντα
1093 681 1113 744 6
1118 671 1126 697 ’
1140 671 1300 763 ἠπίστατο
1318 671 1358 745 τύ

218 786 255 853 ἐν
283 785 331 875 τῷ
355 784 418 874 ἱρῷ
433 776 495 850 ὅσα
518 779 619 868 λόγου
645 769 688 868 ἦν
710 777 784 863 ύξια
806 783 945 866 Ξέρξης,
974 773 1018 858 ὥς
1043 775 1107 865 ἐγώ
1129 775 1357 866 πυνθάνομαι,

217 877 392 973 ἄμεινονῆ
416 879 456 952 τύ
481 886 517 952 ἐν
540 899 625 955 τοῖσι
643 888 777 952 οἰκίοισι
796 888 903 970 ἔλιπε,
932 883 1065 950 πολλῶν
1088 880 1154 948 αἰεὶ
1178 875 1357 968 λεγόντων,

171 997 211 1059 36
219 988 273 1056 καὶ
291 982 432 1075 μάλιστα
455 981 494 1053 τὰ
514 992 660 1074 Κροίσου
684 986 747 1054 τού
760 979 942 1053 Ἀλνύττεω
958 977 1169 1071 ἀναθήματα.
1213 985 1259 1051 Oi
1274 989 1358 1051 Δελ-

218 1090 275 1178 φοὶ
301 1088 339 1157 δὲ
363 1084 615 1176 πυνθανόμενοι
632 1089 736 1155 ταῦτα
755 1088 787 1165 ἐς
810 1087 921 1169 ποξσαν
938 1079 1110 1174 ἀρρωδίην
1127 1077 1278 1153 ἀπίκατο.
1322 1085 1359 1152 ἐν

219 1195 349 1279 δείματι
379 1190 416 1258 δὲ
439 1186 571 1281 μεγάλῳ
595 1190 812 1267 κατεστεῶτες
837 1184 1056 1276 ἐμαντεύοντο
1080 1187 1246 1275 περὶτῶν
1275 1186 1359 1277 ίρών

217 1288 410 1382 χρημάτων,
436 1301 502 1359 εἴτε
525 1292 612 1379 σφέα
634 1286 717 1359 κατὰ
739 1291 799 1377 γῆς
823 1285 1043 1377 κατορύξωσι,
1072 1298 1137 1356 εἴτε
1161 1289 1359 1376 ἐκκομίσωσι

218 1397 252 1474 ἐς
269 1389 375 1481 ἄλλην
391 1390 511 1483 χώρην.
554 1386 572 1462 ὁ
592 1391 629 1460 δὲ
646 1388 725 1472 θεός
748 1412 853 1480 σφεας
869 1386 938 1459 ὀύκ
955 1397 992 1459 ἔα
1010 1391 1149 1477 κινέειν,
1175 1385 1240 1478 φύς
1258 1384 1360 1469 αὐτὸς

218 1492 331 1575 ίκανός
364 1493 449 1564 εἶναι
475 1497 543 1565 των
572 1495 701 1563 ἑωυτοῦ
731 1495 971 1586 προκατῆσθαι.
1026 1493 1156 1580 Δελφοὶ
1191 1490 1228 1559 δὲ
1254 1492 1361 1560 ταῦτα

217 1660 280 1710 dum
292 1660 431 1725 pertinere
443 1674 558 1710 necesse
572 1676 642 1711 cese.
678 1659 761 1723 Equi·
812 1661 944 1709 consulere
962 1657 1137 1721 instituerunt,
1156 1661 1187 1706 ut
1203 1656 1229 1717 Ι,
1248 1654 1290 1706 46.
1310 1656 1360 1714 1x,

217 1729 278 1778 dem
295 1727 334 1777 nil
352 1729 493 1790 discerno,
517 1728 682 1793 praesertim
700 1742 761 1776 cum
813 1725 858 1789 33,
885 1726 931 1775 nbi
948 1726 1003 1778 vid.
1021 1730 1088 1778 nott.
1130 1725 1170 1775 nd
1191 1724 1361 1775 locutionem

216 1796 292 1845 nulle
321 1798 358 1845 sit
381 1797 457 1845 urbis
481 1797 583 1846 mentio
612 1811 663 1845 nec
688 1795 762 1860 apud
812 1787 885 1843 κατὰ
903 1791 955 1859 γῆς
973 1794 1045 1843 conl.
1065 1808 1134 1858 quae
1154 1792 1265 1853 etIVII,
1284 1790 1302 1841 6
1319 1791 1361 1841 el-

217 1863 392 1926 Strabonem,
417 1879 469 1914 nec
492 1864 565 1928 epnd
583 1863 760 1913 Pausaniam.
812 1861 871 1912 lete
887 1870 950 1912 sunt
962 1860 1071 1911 similia.
1094 1862 1158 1911 Mor
1171 1875 1186 1910 e
1199 1859 1362 1910 Florentino

216 1932 283 1981 Inde
295 1931 396 1981 vellem
406 1931 504 1980 Pleisti
516 1933 605 1981 secuti
616 1932 719 1980 Perseo
732 1931 761 1977 in
812 1930 929 1993 aliisque
943 1929 1019 1979 codd.
1031 1944 1091 1978 cnm
1104 1928 1216 1988 Mettn,
1229 1927 1363 1979 Bskkero

216 1998 385 2063 Delphorum
403 1998 547 2063 planitiem
560 1996 761 2048 descenderunt
813 2002 840 2046 et
862 2013 933 2046 reec.
953 1997 1013 2046 edd.
1035 1997 1144 2046 restitui
1168 1996 1364 2046 coniunctivoe

218 2066 252 2115 ed
270 2069 359 2130 ipsem
377 2080 462 2131 usque
481 2066 590 2127 urbem,
613 2066 667 2130 qui
691 2080 763 2114 nnnc
814 2058 988 2127 κατορύξωσι
1002 2070 1029 2115 et
1042 2054 1210 2128 ἐκκομίσωσι
1221 2079 1271 2129 pro
1285 2064 1363 2113 futu-

218 2135 545 2183 cernitnrmoneeterium
560 2132 660 2183 esent.
685 2131 763 2181 Unde
815 2134 852 2181 ris
876 2125 1081 2195 κατορύξονσι
1105 2138 1133 2182 et
1150 2123 1363 2196 ἐκκομίσονσι,

217 2202 287 2251 setis
299 2202 470 2266 petet‚qnid
483 2201 516 2250 de
529 2200 711 2250 Velckenerii
724 2202 763 2250 iu·
815 2216 885 2264 qnae
913 2199 959 2249 liic
989 2202 1057 2250 ferri
1084 2215 1165 2265 posse
1192 2201 1249 2249 inre
1273 2209 1366 2265 neget

217 2269 362 2319 dicendum
381 2272 417 2318 sit
435 2262 761 2333 coniectureproAloIt·
814 2269 925 2317 Werler
947 2269 1020 2318 Aen.
1047 2268 1125 2333 phili.
1143 2268 1268 2318 Menace.
1286 2268 1307 2316 Ι.
1332 2284 1364 2333 p.

218 2331 292 2387 δίων
304 2337 332 2399 (a
344 2330 565 2397 νοοεΑίολίὸαι,
579 2336 762 2387 contenere
813 2335 864 2386 234
880 2351 937 2400 seq.
959 2335 1021 2386 coll.
1041 2335 1104 2395 230,
1126 2336 1173 2385 nbi
1192 2336 1225 2386 de
1244 2336 1365 2385 coniun-

217 2404 297 2469 Spec.
312 2405 346 2454 Il.
361 2405 474 2465 Quaest.
487 2403 521 2454 de
533 2404 645 2454 dialect.
659 2404 760 2454 Herod.
814 2406 888 2454 ctivo
901 2404 1085 2454 deliberativo
1099 2402 1223 2469 pluribus
1237 2405 1364 2469 exponit.

217 2489 243 2537 p.
261 2471 277 2522 3
295 2474 352 2522 sive
371 2471 490 2537 Opueee.
508 2474 544 2521 II.
562 2488 587 2538 p.
605 2471 665 2536 326)
683 2487 761 2536 repo·
814 2472 883 2521 Nam
896 2471 939 2520 illi
951 2486 1006 2521 non
1018 2472 1051 2520 de
1065 2487 1111 2535 eo,
1125 2470 1297 2536 qnidsoctnrt'
1307 2474 1364 2520 rint

216 2541 308 2589 nentls
321 2534 470 2603 Λιλαιίων,
483 2546 514 2589 nt
525 2538 649 2590 Λιλαίαν
661 2539 762 2590 intelli·
814 2539 871 2600 (ubi
889 2540 980 2589 futuro
997 2540 1097 2602 locus),
1116 2540 1165 2589 sed
1183 2539 1216 2589 de
1234 2555 1280 2603 eo,
1298 2541 1367 2604 qnid

215 2623 324 2672 gemus,
344 2624 424 2673 quern
437 2611 511 2658 Inter
522 2608 705 2661 Phocensiunr
719 2622 761 2657 nr·
810 2608 957 2670 sortiendum
973 2608 1019 2665 eit,
1041 2606 1181 2657 oraculum
1200 2606 1363 2667 consulunt;

217 2676 266 2725 bes
279 2675 366 2726 refert
378 2677 533 2726 Peusenies
547 2677 585 2738 X,
598 2675 622 2726 3.
641 2678 665 2737 ξ.
679 2676 704 2723 2.
718 2674 760 2725 33.
814 2692 869 2725 num
886 2675 946 2724 scil.
963 2679 1085 2739 pecuniae
1101 2690 1192 2725 εαοναο
1205 2675 1364 2737 defoderent

813 2760 846 2792 αα
859 2750 1044 2807 exportarent,
1063 2743 1081 2792 i.
1095 2759 1118 2793 e.
1132 2744 1164 2793 ob
1180 2746 1218 2792 eie
1230 2742 1362 2792 dieeelben

812 2811 954 2875 oerprelren
966 2814 1031 2862 oder
1047 2813 1143 2862 endere
1160 2812 1240 2860 ινολίιι
1251 2810 1363 2875 brinpen

215 2745 239 2804 ξ.
251 2744 281 2806 2,
302 2759 383 2808 qnam
401 2749 493 2794 temen
510 2760 564 2794 non
581 2744 663 2809 longe
682 2759 698 2793 ο
715 2744 761 2792 Ti-

216 2812 313 2861 thorea
324 2813 395 2861 inter
405 2812 509 2863 Gravis
519 2817 548 2861 et
556 2812 638 2871 Dedi,
650 2815 680 2860 nt
689 2827 762 2860 nunc

215 2884 331 2940 vocant,
355 2880 437 2928 sitem
456 2880 542 2928 fnisse
559 2878 704 2943 probabile
722 2878 761 2941 fit,

217 2946 252 2995 ed
275 2947 494 3011 septentrionale
518 2948 650 2996 Perpessi
678 2947 761 3007 letus,

216 3014 263 3063 nbi
277 3013 366 3063 ndlrne
379 3013 513 3078 reliquias
531 3014 662 3078 quasdem
678 3029 707 3064 se
720 3015 760 3063 vi·

216 3083 288 3131 diese
302 3085 420 3131 testetur
431 3081 502 3132 Geli.
525 3081 582 3131 Vid.
595 3082 624 3131 C.
636 3081 761 3134 O.Mnel·

215 3149 269 3199 Ier:
289 3148 453 3198 Orchomen.
471 3165 498 3214 p.
512 3147 571 3197 484.
588 3148 652 3209 497,
671 3150 760 3200 Kruse

215 3218 256 3279 11,
270 3217 294 3266 2.
314 3232 377 3283 pag.
391 3216 438 3279 84,
458 3216 578 3266 SicbeIIe
592 3216 627 3267 ed
638 3218 758 3267 Peneon.

215 3285 235 3334 I.
248 3285 265 3334 l.
279 3302 305 3350 p.
316 3284 375 3334 292.
385 3284 444 3343 293,
462 3285 598 3350 Forbiger
607 3285 625 3334 l.
637 3285 655 3333 l.
665 3302 691 3351 p.
701 3284 760 3335 915.

237 3348 334 3403 ποίντα
344 3347 370 3403 δ’
375 3343 524 3418 ἠπίστατο]
531 3343 668 3417 η’πίστατο
676 3370 690 3402 e
697 3353 760 3403 Flo·

216 3427 285 3471 rent.
302 3421 420 3486 aliisque
438 3422 500 3471 dedi
519 3437 579 3470 cunr
594 3421 758 3487 Schweigh.,

216 3489 305 3539 Geisf.
330 3494 358 3538 et
381 3505 454 3540 rece.
479 3489 539 3541 edd.
565 3490 698 3554 probante
722 3490 758 3538 II.

214 3558 344 3622 ripetei0‚
363 3557 408 3622 qui
421 3558 491 3606 citat
504 3558 545 3619 ΙΙ,
564 3555 678 3608 53116.
697 3557 757 3619 VII,

219 3624 275 3674 136.
311 3625 352 3674 Το
369 3625 424 3674 vid.
438 3629 505 3675 nott.
527 3626 561 3675 ed
574 3625 653 3687 VIII,
669 3624 692 3674 5.
727 3626 760 3674 ln

216 3692 356 3743 Sanerofti
373 3692 443 3743 libro
461 3693 571 3758 alioque
594 3698 684 3743 exstet
702 3684 760 3742 ἐπι-

215 3754 325 3811 στέατο.
371 3760 538 3811 Scheeferns
561 3761 677 3811 dederet
699 3752 761 3810 tnt-

215 3842 348 3878 στατα-
360 3829 403 3878 De
416 3830 539 3879 doneriis
552 3844 569 3878 e
582 3830 683 3879 Croeso
696 3829 761 3879 Del·

215 3896 284 3961 phos
297 3897 388 3947 missis
401 3897 474 3948 conf.
487 3897 513 3961 Ι,
527 3896 561 3946 56
572 3912 630 3963 ecq.
643 3896 685 3947 tte.

384 4066 451 4117 Cen.
471 4068 595 4117 XXXVI.

249 4158 282 4218 ἒν
300 4166 415 4235 δείματι
434 4162 467 4220 δὲ
483 4163 597 4235 μεγάλῳ
608 4166 761 4219 nenecessi-

214 4234 270 4302 τες]
290 4237 307 4285 i.
322 4253 346 4287 e.
358 4253 447 4303 τιαρπο
459 4242 548 4288 timore
560 4239 681 4302 correpti.
710 4237 759 4287 Su·

129 4312 151 4327 ¹·
213 4321 264 4370 pre
277 4306 356 4369 V111,
377 4306 407 4354 12
426 4297 454 4364 Ie
473 4298 566 4371 φόβον
584 4299 758 4357 κατιστέατο.

216 4366 406 4441 ἐμαντεύοντο
433 4374 479 4424 hic
509 4373 599 4426 velen
631 4377 759 4425 oreenlren

812 2883 943 2929 eollten.
962 2880 1023 2928 Vid.
1036 2879 1225 2929 G.Hermenn.
1237 2876 1363 2943 Opusee.

812 2948 858 2995 IV.
871 2963 935 3012 pag.
949 2945 989 2996 91.
1003 2946 1036 2997 92
1051 2953 1079 2996 et
1091 2947 1178 2997 virum
1191 2947 1301 2996 doctum
1316 2946 1362 2996 in:

813 3014 963 3066 Schulzeit.
978 3013 1051 3065 1831.
1066 3016 1100 3064 Il.
1114 3030 1180 3080 peg.
1192 3012 1251 3063 987.
1288 3014 1363 3064 Ado.

812 3088 880 3131 nott.
896 3082 930 3133 ed
943 3082 1073 3132 Herodot.
1087 3083 1108 3142 Ι,
1122 3082 1155 3133 63
1168 3081 1231 3133 coll.
1245 3080 1286 3132 46.
1305 3084 1364 3133 Ae-

812 3152 887 3200 eedit
904 3152 989 3200 etiem
1010 3150 1090 3210 illud,
1114 3150 1185 3215 qnod
1201 3149 1364 3201 Herodotus

812 3219 857 3267 vir
870 3219 986 3268 dieisset
999 3209 1189 3284 ίκκομίσουσι,
1204 3218 1252 3267 sed
1265 3219 1364 3283 potins

812 3276 983 3351 ίκκομιεύσι.
1018 3286 1061 3335 De
1075 3288 1134 3352 ipso
1147 3287 1231 3336 verbo
1246 3278 1364 3353 ἐκκομί-

811 3354 870 3415 ζειν
887 3354 961 3404 eonf.
974 3355 1053 3415 VIII,
1073 3355 1105 3406 32
1129 3360 1157 3404 et
1174 3355 1203 3403 iu
1219 3369 1296 3419 seqq.
1323 3355 1364 3404 ed

812 3413 863 3471 ούκ
877 3416 910 3472 ἔα
923 3427 990 3471 nott.
1004 3422 1039 3471 ad
1051 3424 1097 3484 lv,
1110 3422 1167 3473 164.
1178 3423 1210 3484 V,
1221 3420 1263 3472 36.
1275 3422 1363 3479 1232.

810 3490 915 3539 lisdem
937 3490 996 3539 lere
1014 3490 1099 3540 tredit
1116 3491 1237 3539 Peneon.
1255 3491 1293 3549 X,
1314 3489 1363 3542 23.

811 3559 835 3618 §-
851 3557 877 3617 l,
897 3558 975 3608 cuiue
993 3559 1081 3608 omnis
1099 3558 1132 3608 ‹Ie
1150 3559 1259 3608 Brenno
1273 3558 1364 3609 Gele-

811 3633 950 3691 torumque
962 3627 1117 3677 incursione
1128 3626 1251 3676 narratio
1262 3642 1295 3676 ex
1303 3626 1364 3676 He·

811 3694 907 3745 rodoto
925 3695 1002 3744 duxlt
1019 3693 1151 3756 colorem,
1171 3694 1205 3744 ed
1221 3695 1280 3744 eius
1292 3709 1365 3745 ner·

811 3763 947 3812 rationem
964 3763 998 3812 (le
1013 3763 1105 3812 Persis
1117 3761 1240 3827 Delphos
1258 3778 1364 3829 eggre-

812 3830 951 3881 dientibus
964 3830 1070 3880 efficta.

846 3891 905 3963 φὰς
921 3889 1007 3957 αύτός
1020 3927 1050 3934 -
1063 3895 1277 3965 προκατῆσθαι]
1298 3898 1317 3948 i.
1334 3916 1363 3950 e.

812 3968 899 4017 ἀίοισα
915 3982 943 4017 ee
961 3970 1039 4031 ipsunt
1057 3969 1093 4017 ed
1108 3969 1216 4017 tutanda
1226 3982 1274 4016 see
1285 3969 1365 4031 ressi-

811 4051 880 4085 eere.
893 4034 1030 4086 Wesselin
1053 4073 1058 4084 .
1069 4036 1102 4085 erl
1113 4036 1282 4085 locutionem
1292 4050 1365 4086 eon-

812 4103 878 4152 ferri
891 4103 950 4153 vult
960 4105 1006 4163 lx,
1018 4052 1063 4152 155
1074 4109 1102 4153 et
1112 4103 1213 4154 Enseb.
1222 4103 1364 4169 Preeper.

810 4172 861 4222 Ev.
874 4172 920 4231 lx,
931 4171 971 4227 27,
985 4172 1031 4220 ubi
1044 4177 1191 4221 occurrunt
1203 4169 1365 4237 στρατηγοὶ

811 4231 1081 4304 προκαθεὸούμενοι
1101 4237 1152 4304 τῆς
1175 4234 1282 4306 χώρας,
1314 4244 1368 4307 qni

809 4310 936 4372 νομίσαντα
954 4314 1063 4358 tuentur.
1099 4308 1178 4359 (lons.
1197 4310 1281 4357 etiem
1298 4308 1365 4359 He-

810 4376 896 4426 rodot.
906 4376 967 4439 VII,
982 4374 1028 4423 172
1041 4382 1069 4425 et
1082 4391 1151 4442 quae
1166 4375 1222 4426 elie
1235 4375 1364 4428 efferun-
