2984 5154
467 373 672 461 ussum.
697 379 786 438 vui.
813 389 918 445 1213.
943 391 984 446 ιι.
1256 396 1293 457 ιι

150 540 292 632 πελάγει
307 547 519 634 φερομένοισι
533 549 697 618 ἐπέπιπτε.
725 553 780 620 καὶ
793 548 830 621 τὸ
847 556 937 636 τέλος
954 576 1015 644 σφι
1035 558 1165 647 ἐγένετο
1182 556 1295 653 ἄχαρι·

151 639 196 725 ὦς
221 642 286 732 γὰρ
319 644 361 734 δὴ
389 645 539 717 πλώουσι
566 645 696 721 αὐτοῖσι
719 651 844 742 χειμών
871 683 907 724 τε
931 659 987 726 καὶ
1010 655 1046 728 τὸ
1069 655 1163 751 ὕδωρ
1188 665 1294 752 ἐπεγί-

150 773 245 834 νετο,
271 750 362 817 ἐοῦσι
380 746 521 819 κατὰτὰ
539 759 645 822 Κοῖλα
667 755 724 840 τῆς
743 750 908 845 Εὐβοίης,
933 756 1111 849 φερόμενοι
1129 767 1177 856 τῷ
1193 765 1293 837 πνεύ-

148 877 246 937 ματι,
271 851 327 919 καὶ
350 845 413 919 οὐκ
437 849 562 933 εἰδότες
586 857 628 943 τῇ
651 857 826 945 ἐφέροντο,
854 861 1026 941 ἐξέπιπτον
1051 860 1133 952 προς
1157 862 1214 947 τὰς
1238 871 1294 937 πέ-

148 978 239 1039 τρας.
287 951 432 1022 ἐποιέετό
455 981 490 1022 τε
508 956 575 1023 πᾶν
592 949 659 1025 0πό
677 960 739 1027 τοῦ
754 962 855 1047 θεοῦ,
880 956 966 1042 ὅκως
984 956 1027 1033 ἄν
1050 966 1225 1056 ἐξισωθείη
1249 973 1296 1062 τῷ

143 1046 328 1145 Ἑλληνικῷ
343 1050 381 1123 τὰ
393 1053 579 1144 Περσικὸν,
598 1058 683 1145 μηδὲ
701 1063 816 1153 πολλῷ
830 1065 933 1132 πλέον
951 1074 1011 1152 είη.
1040 1055 1132 1136 οὗτοι
1149 1072 1211 1157 μίν
1227 1099 1294 1141 νυν

146 1156 227 1242 περὶ
245 1151 285 1223 τὰ
302 1163 409 1225 Κοῖλα
427 1159 485 1245 τῆς
509 1153 655 1246 Εὐβοίης
675 1165 917 1251 διεφθείροντο.
965 1171 1010 1236 Oi
1031 1162 1064 1235 δ’
1085 1170 1121 1238 ἐν
1136 1165 1339 1261 Ἀφέτησι14

145 1254 324 1347 βάρβαροι,
343 1253 387 1338 ὥς
405 1281 465 1346 σφι
482 1254 653 1349 ἀσμένοισι
671 1256 775 1352 ἡμέρη
794 1266 971 1355 ἐπέλαμψε,
990 1263 1131 1358 ἆτρίμας
1148 1299 1184 1343 τε
1203 1271 1293 1362 εἶχον

145 1421 238 1471 sthcn.
252 1422 285 1470 Τ.
295 1422 317 1472 I.
327 1437 353 1486 p.
363 1418 414 1471 800
427 1427 454 1471 et
468 1438 510 1480 ea,
525 1438 594 1487 quae
607 1440 695 1491 nuper

145 1490 180 1539 de
196 1489 252 1539 hac
271 1494 408 1540 structura
426 1489 519 1540 attulit
533 1490 566 1541 0.
580 1492 693 1543 Schnei-

145 1557 196 1608 der
214 1557 249 1606 ad
263 1557 395 1607 Isocratis
413 1562 483 1607 orat.
502 1558 537 1607 ad
550 1558 692 1611 Demouic.

143 1627 170 1686 5.
182 1626 209 1674 4.
222 1640 288 1690 pag.
301 1624 326 1677 3.
345 1623 467 1675 Similem
480 1626 507 1675 iu
521 1627 628 1676 modum
640 1629 693 1678 No-

143 1700 203 1743 ster
220 1693 271 1754 vl,
291 1691 339 1743 137
356 1685 524 1758 τοσούτω-
537 1683 593 1759 ὅσῳ
614 1695 692 1747 dixit.

143 1763 187 1811 De
199 1776 271 1811 voce
281 1751 368 1825 ἄχαρι
382 1761 455 1811 coni.
469 1760 557 1811 alluta
569 1763 603 1813 ad
614 1762 692 1824 vua.

142 1830 207 1891 Qus
224 1844 294 1879 voce
311 1829 431 1878 indicari
451 1829 565 1893 quodvis
582 1830 692 1889 malum,

141 1904 197 1948 tora
210 1913 240 1947 ce
253 1898 340 1963 qu'itp
352 1914 369 1946 α
380 1899 413 1946 de
424 1900 482 1961 plus
491 1896 619 1956 sdchcur,
632 1898 658 1948 h.
673 1899 692 1950 l.

142 1965 276 2015 observat
285 1964 450 2015 Larchcrus.
469 1963 524 2036 Gur
533 1971 623 2015 autem
634 1966 662 2017 h.
673 1965 692 2016 1.

140 2026 174 2083 τὸ
192 2027 274 2089 τέλος
291 2021 379 2097 α’χαρι
402 2039 431 2082 ut
451 2025 619 2097 τηλικούτου
639 2027 692 2085 παῖ-

141 2101 220 2159 θονς
229 2089 379 2151 αἶνοίιιειον
388 2101 490 2150 notarit
499 2100 641 2165 Longinus
651 2104 692 2152 De

140 2168 278 2219 sublimit.
291 2184 352 2232 cap.
365 2167 406 2218 43.
419 2168 442 2229 §.
455 2167 477 2217 1.
488 2185 551 2233 pag.
561 2168 620 2228 222,
633 2171 693 2219 iure

140 2238 259 2286 miratur
271 2235 421 2295 ualerem,
434 2236 488 2285 nisi
500 2236 609 2286 omnino
622 2237 692 2288 haec

140 2322 158 2355 a
172 2303 263 2354 sciolo
282 2303 399 2368 quodam
412 2304 591 2368 Longinianis
606 2305 691 2354 inter-

141 2374 220 2422 iecta
235 2376 374 2436 putentur.
394 2372 472 2432 Quae
485 2371 540 2420 siut
552 2364 586 2422 roi
598 2372 690 2423 Κοῖλα

139 2439 192 2506 τῆς
209 2429 355 2504 Εὐβοίης,
373 2438 489 2488 diximus
507 2439 542 2488 ad
558 2439 610 2501 VI,
633 2439 689 2490 100.

105 2564 113 2576 .
139 2507 211 2558 Add.
219 2505 467 2572 Pfluglc.l·]uboicc.
479 2507 530 2572 p.4
540 2512 568 2556 et
578 2507 688 2558 Leuke:

141 2576 194 2626 Dic
206 2577 316 2625 Demen
325 2572 447 2624 Attika's
456 2590 492 2640 pa
515 2613 520 2624 .
534 2574 581 2625 185
593 2591 607 2624 e
618 2591 689 2626 vers.

139 2643 359 2694 Westermanui.
370 2590 513 2693 Verbum}

140 2714 188 2772 iis,
215 2712 263 2776 qui
282 2710 458 2774 naufragium
475 2711 551 2775 passi
573 2711 608 2760 ad
625 2710 690 2761 litus

139 2780 306 2837 efficiuntur,
331 2778 438 2842 aliquot
453 2777 522 2828 locis
539 2777 691 2828 illustravit

139 2846 311 2911 wesseling.
331 2845 367 2896 ad
383 2845 494 2896 Diodor.
514 2844 611 2902 11‚6o.
648 2846 689 2895 Το

139 2915 217 2965 cous.
234 2929 319 2979 supra
336 2918 405 2963 nott
424 2913 458 2962 ad
474 2913 528 2975 VI,
541 2913 582 2962 44.
613 2913 690 2964 Idem

139 2984 257 3035 verbum
275 2982 349 3032 iusta
361 2981 415 3042 lx,
428 2981 473 3039 74,
491 2981 537 3030 ubi
551 2981 605 3030 vid.
619 2987 689 3031 nott.

174 3040 306 3103 ἐποιέετό
329 3064 357 3098 τε
381 3047 441 3098 πᾶν
456 3041 514 3098 ὑπὸ
536 3046 588 3098 τοῦ
605 3047 687 3112 θεοῦ,

139 3111 214 3177 ὅπως
225 3105 264 3167 ἄν
275 3133 300 3166 κ.
312 3131 336 3165 τ.
348 3113 382 3181 λ]
394 3114 453 3176 τοῦ,
466 3117 537 3182 quod
549 3117 578 3166 in
588 3116 690 3166 Aldina

139 3194 169 3237 et
182 3186 248 3237 aliis
261 3184 322 3234 cdd.
338 3184 431 3246 abest,
451 3200 511 3234 cum
524 3184 688 3250 Schweigh„

140 3254 232 3305 Gaisi.
247 3258 276 3304 et
287 3269 359 3303 recc.
375 3251 434 3301 edd.
449 3268 463 3302 e
476 3250 600 3317 pluribus
613 3268 690 3302 revo-

140 3324 206 3373 cavi
223 3320 301 3371 codd.
338 3318 508 3384 Intelligitur
529 3320 602 3369 enim
624 3320 690 3370 deus

139 3391 190 3441 ille
220 3389 295 3439 ultor
322 3388 500 3453 superborum
523 3387 688 3452 vindexque,

141 3460 189 3524 qui
207 3473 240 3508 su
260 3456 366 3507 erbiam
379 3455 524 3513 Persarum
540 3471 622 3521 supra
635 3472 677 3505 mo

140 3527 206 3577 dum
228 3542 244 3576 c
276 3530 332 3574 tam
354 3524 491 3589 deprimat
508 3524 690 3573 Graecorum·

142 3611 195 3659 quc
219 3608 264 3643 res
282 3596 395 3657 augeat.
432 3591 474 3640 Cf.
494 3591 553 3641 citt.
573 3590 609 3640 ad
626 3592 689 3654 Vll,

142 3662 183 3712 10.
197 3662 222 3722 ξ.
235 3661 260 3711 5.
289 3661 385 3724 Neque
399 3658 481 3709 aliter
492 3658 644 3723 Aeschylus
661 3659 690 3708 in

140 3729 238 3780 Persis
254 3744 296 3779 vs.
313 3726 362 3778 351
381 3742 410 3776 se
432 3763 438 3775 .
456 3727 580 3776 nuntium
597 3727 690 3776 diccu-

142 3804 198 3848 tem
213 3796 297 3847 facit:
316 3784 382 3845 ἀλλ’
389 3744 448 3871 pide
460 3793 572 3871 δαίμων
583 3809 626 3852 τις
638 3810 689 3843 aa·

140 3859 282 3930 τίφθειρε
296 3877 430 3927 separes,
452 3862 578 3912 ταλαντα
591 3859 691 3925 βρίσας

141 3924 194 3983 οὐκ
206 3923 352 3997 ἰσορρόπῳ
361 3922 440 3997 τύχη.
458 3931 532 3980 Hinc
541 3930 631 3979 minus
641 3930 691 3979 uti-

142 4017 195 4067 que
210 4000 331 4066 placent,
346 4014 417 4064 quae
430 3997 633 4049 Valckenarius
646 3997 691 4047 ad·

141 4068 269 4133 scripsit:
293 4082 397 4132 „quam
413 4065 458 4116 hic
475 4066 525 4115 dat
536 4066 693 4116 Herodotus

141 4138 293 4194 rationem,
308 4139 422 4185 noverat
433 4134 534 4184 Atticis
546 4134 638 4199 potius
651 4134 691 4182 in·

141 4204 234 4269 geniis
251 4203 430 4269 placituram,
455 4217 535 4266 quam
558 4201 582 4252 si
598 4217 691 4267 super·

141 4273 219 4323 biam
233 4271 351 4321 dixisset
360 4269 501 4320 Persicam
514 4270 548 4319 ab
563 4285 691 4335 arrogan-

143 4342 202 4392 tiae
223 4339 363 4389 humanae
384 4337 495 4388 vindice
512 4338 553 4388 sic
570 4338 692 4402 castiga-

513 2641 647 2693 κπίππιιν
656 2645 689 2694 de

745 1432 802 1477 tam
815 1428 1040 1496 depressumque3
1060 1433 1290 1502 aliassaepeme·

746 1511 856 1546 morans
872 1497 988 1548 ultorem
1007 1503 1182 1566 superborum
1200 1504 1290 1557 deum.

745 1564 916 1625 Frequenter
932 1566 1032 1617 Noster
1047 1558 1221 1633 α’νθροόπινοί
1242 1588 1291 1638 μοι

746 1629 832 1681 δοκεῖ
839 1625 1009 1697 ἁμαρτεῖν.“
1046 1638 1151 1698 Quibus
1166 1655 1211 1697 eo,
1231 1641 1289 1704 opi·

745 1713 807 1755 uor,
821 1701 935 1764 respicit
948 1702 990 1750 vir
1002 1701 1106 1765 doctus,
1122 1707 1193 1768 quod
1203 1707 1291 1757 Horo·

745 1766 837 1815 dotum
851 1768 879 1816 in
891 1766 968 1818 hisce
981 1769 1120 1821 Musarum
1132 1770 1212 1823 libris
1223 1790 1289 1824 nou·

744 1832 822 1882 nulla
839 1834 867 1883 in
879 1835 1101 1898 Atheniensium,
1120 1840 1219 1904 quibus
1231 1840 1289 1906 pla-

745 1916 808 1950 cere
823 1901 953 1963 voluerit,
971 1904 1091 1969 gratiam
1107 1907 1208 1958 dixisse
1226 1924 1289 1958 con-

744 1968 899 2019 tenderunt.
937 1971 990 2021 Sed
1012 1972 1067 2023 vid.
1090 1978 1160 2024 nott.
1184 1975 1218 2024 ad
1241 1975 1287 2038 v1,

747 2035 804 2086 108.
821 2037 887 2099 vn,
903 2036 960 2088 130.
996 2040 1140 2105 Expressit
1156 2043 1290 2093 Herodoti

744 2105 911 2155 seutentiam
933 2106 1068 2159 Diodorus
1088 2110 1139 2171 XI,
1164 2109 1194 2161 13
1218 2111 1289 2173 init.J

744 2177 857 2222 auctore
871 2173 965 2224 eodem
978 2175 1155 2237 Valckensr„
1169 2179 1289 2243 quicum

743 2240 878 2290 Herodoti
895 2242 988 2292 verbis
1005 2245 1197 2308 sequentibus:
1217 2235 1289 2304 ὅκως

742 2297 781 2357 ἂν
794 2298 946 2384 1ἐξισωθείη
959 2308 998 2374 toi
1004 2301 1159 2377 Ἑλληνικῷ
1170 2304 1202 2362 τὸ
1216 2311 1289 2376 Περ·

743 2389 824 2425 σικον
841 2377 982 2426 contendit
998 2379 1129 2429 Isocratis
1150 2381 1237 2430 verbs
1254 2381 1289 2431 ad

742 2442 863 2507 Philipp.
883 2459 946 2508 pag.
962 2442 1041 2521 ⁰⁰33
1057 2443 1128 2511 [cap.
1143 2447 1183 2497 15.
1197 2448 1220 2509 ἕ.
1235 2446 1286 2513 30].

743 2510 789 2575 qui
798 2505 894 2568 πόλεις
903 2510 1012 2561 dixerat
1021 2509 1218 2579 ωμαλισμένας
1231 2506 1288 2565 ὑπὸ

742 2574 798 2627 τῶν
816 2577 984 2642 συμφορῶν,
1003 2584 1032 2628 et
1048 2580 1200 2644 Thucydid.
1214 2583 1287 2640 vlu,

741 2645 790 2724 57,
819 2645 863 2709 qui
888 2644 1042 2696 collidendo
1067 2647 1109 2724 pit
1133 2638 1289 2699 ἐπανισοῦν

742 2728 809 2771 τους
819 2709 960 2778 Ἕλληνας
976 2706 1047 2776 πρὸς
1058 2706 1205 2781 αλλήλους.
1235 2716 1288 2764 Eo·

742 2781 804 2831 dem
817 2780 894 2830 modo
908 2780 1064 2844 Polyaenus
1077 2783 1138 2843 Vll,
1151 2781 1183 2832 10
1195 2781 1239 2832 tiu.
1254 2782 1288 2832 dc

741 2849 893 2898 Artaxerxe
906 2849 1031 2914 scripsit:
1055 2839 1103 2900 οἷελ
1121 2842 1175 2915 γὰρ
1189 2840 1288 2900 ἐπανι-

742 2914 799 2966 σαῑν
815 2910 846 2966 τὸ
859 2906 1066 2982 ἐλαττούμενον
1077 2909 1130 2985 τὴν
1141 2911 1225 2983 logiis
1236 2916 1289 2968 τοῦ

741 2982 878 3041 νικῶντος
893 2978 1038 3061 apertiora.
1056 3012 1089 3021 -
1110 2985 1153 3035 Ad
1170 2992 1286 3036 structu-

742 3067 800 3101 ram
818 3040 890 3109 ὅκως
903 3068 941 3102 αν
955 3042 1108 3120 ἐξισωθείη
1126 3053 1199 3104 coni.
1213 3054 1240 3116 1,
1254 3053 1287 3102 75

741 3119 834 3184 ibique
848 3118 944 3170 allata.

866 3280 873 3287 ⁵
935 3288 1000 3338 Cas.
1019 3289 1092 3338 xlv.

775 3377 813 3447 ὥς
841 3403 892 3453 σφι
922 3378 1069 3454 α’σμίνοισι
1104 3381 1194 3456 ἡμέρη
1224 3381 1286 3440 ἐπέ-

741 3453 849 3521 λαμψε]
868 3457 886 3505 1.
900 3473 923 3506 e.
937 3464 963 3506 ut
974 3464 1053 3533 gruta
1065 3458 1115 3506 illis
1127 3460 1182 3507 dies
1194 3461 1285 3507 illusit.

741 3524 782 3573 Ad
795 3539 872 3573 nsum
882 3524 958 3574 vocis
967 3517 1116 3589 ασμίνοισι
1128 3525 1201 3574 conf.
1213 3526 1286 3587 vill,

744 3590 775 3640 18
788 3592 845 3641 init.
865 3597 894 3641 et
911 3607 981 3656 quac
996 3592 1030 3641 ud
1042 3591 1181 3642 Plutarch.
1196 3591 1288 3641 Philo-

741 3658 1287 3791 11113131011113111101111131

741 3812 768 3860 p.
789 3793 839 3843 440
857 3809 933 3859 seqq.
952 3799 980 3843 et
992 3794 1096 3843 Herbst
1111 3794 1152 3843 in:
1171 3794 1287 3844 Jahrbb.

742 3863 762 3912 f.
776 3861 911 3927 Philolog.
926 3861 1019 3941 Suppl.
1033 3861 1094 3912 Vol.
1104 3862 1155 3912 111.
1169 3877 1232 3927 pag.
1244 3863 1286 3911 ⁶22.

742 3929 910 4047 Adlqubum
924 3920 1071 3993 ἕπελαμψι
1084 3930 1156 3980 conf.
1170 3934 1238 3981 nott.
1252 3929 1288 3979 ad

776 4054 901 4142 αἰρίμας
913 4079 942 4114 τε
960 4056 1040 4130 εἶχον
1052 4055 1102 4122 ταὶς
1115 4057 1191 4129 νίας]
1211 4065 1287 4115 Reti-

743 4135 790 4183 nui
799 4127 934 4197 αιρέμας,
948 4133 1025 4183 cuius
1037 4132 1099 4183 loco
1112 4132 1183 4183 mule
1196 4131 1288 4197 plures

744 4201 823 4252 codd.
841 4190 958 4265 οἷιρέμα.
994 4202 1089 4265 Neque
1107 4199 1177 4249 euim
1196 4201 1224 4248 iu
1236 4198 1288 4249 hoc

745 4269 874 4319 adverbio
897 4274 1019 4319 extrema
1040 4268 1122 4318 litera
1143 4266 1288 4327 obiicitur3

744 4337 798 4388 vid.
813 4337 850 4401 V,
870 4334 909 4386 10.
926 4336 1005 4399 vm,
1027 4334 1066 4387 10.
1084 4336 1134 4399 tx,
1153 4333 1193 4385 53.
1211 4332 1243 4382 54
1260 4336 1289 4383 et
