2984 5154
235 354 274 414 42
673 345 939 407 HERODOTI

235 520 276 612 δὴ
294 526 352 610 τῆς
376 527 553 610 Τρηχινίης
572 523 604 600 ἐς
621 515 684 607 τὴν
701 524 841 609 Δωρίδα
860 519 1027 605 ἐσέβαλον.
1063 518 1121 605 της
1139 513 1202 605 γὰρ
1219 521 1368 607 Δωρίδος

232 623 342 715 χώρης
366 618 499 693 ποδεοδν
522 617 651 702 στεινὸς
673 618 777 710 ταύτη
796 628 997 707 κατατείνει,
1034 615 1078 700 ὥς
1100 617 1274 708 τριήκοντα
1296 640 1367 688 στα-

235 732 320 796 δίων
342 721 484 815 μάλιστά
508 753 549 813 κη
568 712 681 814 εὖρος,
705 729 855 811 κείμενος
873 720 995 810 μεταξύ
1012 725 1070 810 τῆς
1087 749 1123 791 τε
1149 727 1300 809 Μηλίδος
1316 722 1368 791 καὶ

231 835 290 917 τῆς
308 832 461 907 Φωκίδος
480 823 604 916 χώρης,
623 821 708 913 ἥπερ
726 812 822 912 ἦντὸ
841 822 982 894 παλαιὸν
1000 830 1170 912 Δρυοπίς·
1189 817 1210 912 ἡ
1230 824 1267 892 δέ
1283 819 1368 913 χείρη

232 925 317 1018 αὕτη
336 931 404 999 ἐστὶ
422 925 621 1017 μητρόπολις
635 929 796 1013 Δωριέων
813 928 881 996 τῶν
900 929 936 995 έν
954 922 1213 1018 Πελοποννήσῳ.
1249 922 1368 1012 ταύτην

232 1022 281 1102 οἶν
315 1029 376 1120 τὴν
401 1035 542 1118 Δωρίδα
565 1032 629 1117 γῆν
652 1024 715 1098 οὐκ
740 1033 892 1098 ἐσίναντο
918 1026 1112 1116 ἐσβαλόντες
1141 1031 1176 1096 οί
1197 1025 1367 1117 βάρβαροι·

186 1139 225 1202 32
236 1131 390 1224 ἐμήδιζόν
407 1160 442 1202 τε
460 1129 540 1220 γὰρ,
566 1132 622 1201 καί
640 1126 702 1200 οὐκ
727 1128 838 1201 ἐδόκεε
857 1139 1064 1200 Θεσσαλοῖσι.
1115 1123 1172 1209 Ὡς
1197 1130 1235 1200 δέ
1259 1132 1293 1197 ἐκ
1314 1130 1368 1214 τῆς

232 1241 387 1321 Δωρίδος
400 1237 433 1315 ές
446 1230 508 1322 τὴν
521 1238 660 1304 Φωκίδα
677 1235 851 1320 ἐσέβαλον,
867 1228 989 1313 advorte
1001 1233 1063 1321 μέν
1073 1228 1151 1312 τούς
1165 1234 1300 1310 Φωκέας
1311 1225 1369 1299 οὐκ

232 1340 390 1425 αίρέονσι.
415 1341 449 1406 oi
464 1336 526 1424 μέν
543 1331 607 1424 γὰρ
624 1337 693 1404 τοῖν
712 1337 860 1405 Φωκέων
879 1337 910 1415 ές
928 1332 967 1403 τὰ
985 1331 1070 1423 ἄκρα
1087 1337 1149 1403 τοῦ
1165 1334 1412 1421 Παρνησσοῦθδι

231 1435 413 1527 ἀνέβησαν·
430 1444 498 1507 ἔστι
513 1438 549 1507 ot
563 1439 618 1507 καὶ
631 1439 785 1524 ἐπιτηδέη
799 1439 959 1519 δέξασθαι
970 1432 1086 1525 ὅμιλον
1098 1438 1160 1505 τοῦ
1171 1434 1370 1523 Παρνησσοῦ

231 1536 252 1631 ἡ
270 1538 402 1631 κορυφὴ
420 1535 502 1609 κατὰ
517 1543 640 1610 Νέωνα
658 1535 757 1608 πόλιν
775 1540 908 1627 κειμένη
927 1534 1128 1627 ἐπ’ἑωντῆς·
1159 1538 1301 1628 Τιθορέα
1317 1531 1369 1605 οδ

232 1741 361 1803 Pindum,
381 1741 492 1803 Boium,
512 1738 651 1804 Cytinium
670 1744 698 1789 et
715 1739 775 1789 Eri·
1003 1772 1060 1823 CA?
1088 1772 1194 1825 xxm

231 1824 311 1860 nenm
324 1809 372 1859 ille
385 1809 481 1859 refert.
1062 1809 1069 1823 ’
1197 1809 1204 1823 “

265 1875 315 1943 τῆς
328 1891 357 1927 τε
370 1872 519 1993 Μηλίδοςη
532 1872 653 1939 Μηλίδα
666 1873 721 1940 γῆν
733 1890 776 1925 su·
862 1872 936 1925 κατά
951 1869 1054 1950 Νέωνα
1064 1901 1095 1909 -
1106 1862 1155 1924 ἐπ’
1165 1854 1283 1939 δυνατῆς]
1300 1871 1369 1924 Male

231 1962 281 2010 pra
294 1945 403 1994 dixerat
414 1944 498 2003 V11‚1
519 1942 606 2001 8(abi
619 1943 674 1992 vid.
685 1943 777 2001 nott).
829 1942 892 1992 olim
915 1935 956 1993 ὑπ
991 1933 1106 2007 έωντῆς.
1146 1942 1217 1993 Nam
1239 1942 1370 1993 indicatus

232 2012 435 2063 Carrinensis
446 2009 576 2062 De1.287.
594 2011 777 2074 Itaquereete
829 2009 906 2061 locus
917 2014 1022 2061 seorsim
1033 2015 1106 2061 εἰιιιι.
1132 2010 1212 2061 conf.
1226 2011 1248 2071 1,
1261 2009 1309 2058 202
1322 2008 1369 2058 ibi·

231 2079 398 2145 WesseHng.
416 2080 522 2143 respuit
533 2071 689 2142 Μηλιιίδα,
708 2078 778 2143 quod
830 2095 882 2143 que
901 2084 967 2129 nott.
1004 2080 1103 2143 Itaque
1117 2080 1208 2129 minus
1220 2085 1294 2128 recte
1306 2077 1369 2126 Lor-

231 2147 407 2198 Florentinns
426 2161 486 2196 enm
505 2147 591 2196 tribus
610 2146 674 2197 aliis
688 2145 775 2208 affert,
830 2147 928 2197 cheros
946 2136 994 2197 ἐπ’
1011 2137 1113 2211 αὐτῆςε
1139 2153 1166 2196 et
1188 2163 1233 2197 ενι·
1254 2150 1278 2195 la
1295 2146 1370 2211 queste

233 2216 355 2280 quodque
374 2214 498 2264 exhibuit
512 2213 683 2273 Dietsobius3
703 2214 776 2264 Bek·
829 2222 867 2264 est
877 2214 954 2265 δδίίε.
967 2215 1071 2265 Probat
1081 2220 1173 2264 tamen
1183 2214 1297 2264 Clarke:
1307 2213 1369 2263 Tra·

232 2284 315 2333 kerus
340 2287 368 2332 et
389 2282 517 2332 Dindorf.
542 2282 664 2332 retinent
684 2279 777 2347 Μηλί-
829 2283 889 2332 sels
907 2284 951 2345 11,
966 2282 990 2333 3.
1010 2299 1070 2349 rap.
1085 2284 1143 2332 vll.
1163 2281 1261 2348 ΜΠ.
1279 2279 1368 2341 nott,

232 2349 291 2408 δος.
326 2351 369 2400 De
390 2351 452 2416 ipso
473 2350 585 2417 regione
603 2350 720 2401 vidimus
743 2350 778 2400 ad
829 2351 877 2401 nbi
896 2352 980 2401 etiam
997 2351 1130 2418 probatur
1147 2350 1303 2402 emendatio
1317 2362 1369 2398 κει-

231 2419 297 2479 VII,
319 2417 374 2469 132.
829 2413 921 2484 μένην
943 2435 993 2485 pro
1016 2415 1143 2485 κειμένη.
1190 2419 1276 2470 Nobis
1298 2415 1370 2466 nulla

264 2474 338 2552 ἥπερ
356 2514 387 2522 -
406 2484 544 2551 Δρυοπίς]
568 2474 643 2552 ἥπερ
666 2502 720 2536 non
742 2486 778 2536 ad
830 2488 954 2538 mutandi
978 2503 1063 2538 eausa
1093 2488 1230 2553 apparuit.
1273 2485 1369 2536 Urbem

231 2555 353 2620 proxime
379 2554 548 2605 antecedens
572 2552 623 2620 τῆς
647 2552 777 2612 Φωκίδος
830 2550 948 2617 Νέωνα,
965 2571 1046 2620 quam
1058 2553 1124 2606 hine
1138 2556 1209 2606 citat
1221 2553 1369 2620 Stephanus

231 2615 323 2689 χώρης
344 2624 497 2687 μειλίσσεο,
522 2622 572 2672 sed
595 2621 629 2672 ad
652 2623 777 2688 superine
828 2624 999 2688 Byzantinus
1017 2640 1042 2689 p.
1061 2622 1124 2684 588,
1151 2622 1257 2674 Νεῶνα
1278 2619 1370 2672 scribit

230 2689 281 2756 τῆς
299 2688 430 2753 Δωρίδος
447 2683 573 2751 ποδειδν,
591 2696 666 2740 recte
684 2696 777 2741 monet
828 2693 994 2757 Harpocrat.
1007 2708 1030 2742 a.
1042 2708 1068 2742 v.
1084 2689 1189 2743 Νεοίσι.
1213 2690 1290 2757 Apud
1301 2690 1369 2739 Pau-

118 2792 125 2805 .
230 2759 396 2809 Larcberus.
432 2759 493 2808 Duo
518 2758 776 2809 eodd.eu1nVelta
828 2774 878 2810 san
901 2758 1177 2821 X‚32.§.sseditnm
1194 2756 1368 2810 rideoaSie-

230 2826 258 2875 b.
271 2825 289 2875 l.
304 2826 422 2876 efferunt
433 2825 590 2890 Δροοπίης,
605 2842 675 2891 qnae
689 2827 776 2877 formo
828 2828 927 2877 betisio
941 2828 949 2879 ί
952 2845 976 2893 p.
991 2826 1046 2877 166.
1060 2827 1121 2889 267)
1134 2821 1249 2887 Νέωνα,
1263 2831 1291 2876 ut
1302 2825 1333 2880 X.
1345 2822 1369 2874 2.

232 2894 316 2943 etiam
334 2893 473 2943 invenitur
492 2893 565 2954 apud
582 2893 675 2944 Schol.
692 2894 775 2961 Apol·
827 2897 851 2955 ξ.
865 2896 889 2944 2.
903 2894 927 2945 3.
941 2897 965 2957 §-
978 2896 994 2944 2
1008 2895 1069 2945 eoll.
1084 2896 1174 2945 Strab.
1190 2897 1237 2946 IX.
1249 2912 1276 2961 p.
1289 2891 1337 2944 436
1348 2906 1368 2941 s.

231 2960 285 3010 lon.
304 2960 391 3009 Rhod.
409 2961 436 3019 Ι,
457 2959 529 3011 1212.
565 2963 608 3011 De
627 2962 687 3027 ipsa
703 2967 777 3012 terra
828 2962 892 3013 64ῑε
907 2964 955 3013 sed
966 2963 1111 3014 Schubart.
1123 2963 1251 3016 exhibuit
1261 2959 1367 3013 Νεῶνα.

232 3028 304 3079 conf.
318 3029 340 3087 1,
354 3026 388 3078 56
400 3028 466 3092 ibiq.
477 3033 545 3078 nott.
558 3029 634 3089 vm,
647 3029 686 3080 43.
707 3030 776 3080 edd.
828 3030 911 3081 Valet
930 3037 1023 3082 sutem
1040 3025 1113 3081 κατὰ
1133 3027 1241 3083 Νέωνα
1258 3032 1292 3080 od
1304 3030 1367 3079 Neo·

231 3095 341 3146 Leake:
354 3096 471 3145 Travels
483 3097 511 3145 in
521 3096 657 3147 Nortbern
671 3098 777 3148 Greeee
828 3116 883 3149 nem
895 3102 1014 3164 oppidum
1027 3115 1048 3149 s.
1062 3116 1076 3149 e
1088 3101 1194 3165 regione
1206 3100 1296 3165 oppidi
1307 3098 1368 3147 Neo-

231 3164 268 3216 ΙΙ.
279 3179 341 3229 pag.
351 3162 393 3224 64,
405 3164 554 3229 Forbiger:
567 3165 678 3214 Handb.
690 3165 715 3215 d.
727 3166 774 3216 alt.
828 3173 879 3225 πίε,
898 3168 1032 3232 siquidem
1051 3169 1101 3218 hoo
1114 3168 1228 3234 oppido.
1241 3172 1271 3216 ut
1284 3182 1298 3216 e
1311 3180 1367 3229 esp.

231 3231 458 3310 Geograph.,III‘.
482 3248 545 3298 pag.
567 3231 618 3282 902
635 3249 692 3298 seq.
734 3234 776 3284 Ad
828 3233 861 3285 33
873 3240 966 3301 patet,
985 3236 1098 3286 incenso
1111 3236 1270 3287 Phocenses
1280 3235 1330 3284 hoe
1343 3232 1369 3281 in

231 3315 307 3365 seqq.
324 3316 343 3365 η
363 3292 394 3349 ot
413 3315 489 3364 χωρη
507 3291 580 3365 αὕτη
598 3291 657 3351 ἔστί
673 3294 775 3367 μητρό-
827 3304 933 3354 vertice
943 3304 1074 3354 Parnassi
1087 3310 1218 3369 separato
1231 3303 1282 3353 tuti
1295 3304 1369 3352 erant

230 3367 312 3426 πολις
329 3383 354 3417 κ.
367 3383 390 3416 τ.
405 3368 428 3417 λ.
449 3368 522 3417 oonf.
536 3367 644 3431 Seymn.
663 3369 712 3420 Ch,
725 3369 775 3419 595
828 3372 999 3422 aPersarum
1011 3388 1044 3422 ao
1052 3372 1249 3423 Thessalorum
1262 3371 1366 3435 impetu.

230 3436 324 3500 ibique
335 3433 407 3485 Gail.
419 3452 443 3501 p.
455 3434 505 3486 379
517 3436 580 3486 coll.
591 3436 712 3501 Thucyd.
725 3439 774 3497 ΙΙΙ,
825 3440 924 3504 Itaque
949 3440 1092 3505 probabile
1116 3445 1172 3501 est,
1204 3441 1239 3491 ad
1260 3436 1368 3490 verticis

229 3500 271 3552 62.
285 3502 394 3565 Scylae.
407 3505 431 3564 ἓ.
444 3501 484 3553 63.
500 3520 525 3568 p.
540 3504 598 3553 274.
826 3508 948 3557 radicem
965 3508 1087 3558 Neonem
1106 3508 1193 3559 tuisse
1210 3509 1307 3565 sitam,
1324 3502 1368 3553 ubi

264 3560 440 3636 έοβαλόντις]
451 3572 494 3621 Its
504 3587 518 3620 e
529 3570 699 3633 Florentino,
712 3573 775 3623 aliis
824 3580 923 3640 postea
934 3575 989 3625 fuit
1000 3575 1133 3626 Tithorea
1145 3577 1218 3627 urba.
1254 3576 1306 3637 Qui
1319 3572 1366 3637 igi-

230 3637 293 3687 dedi
306 3652 371 3712 curn
380 3640 579 3690 recentioribus
592 3640 652 3690 edd.
671 3641 774 3705 Vulga-
825 3650 870 3692 tar
880 3643 952 3708 apud
960 3643 1129 3694 Herodotum
1138 3661 1187 3710 pro
1197 3646 1291 3695 Neone
1302 3644 1367 3693 Cleo·

230 3712 286 3755 tarn
303 3696 486 3771 ἒοβαλλοντες
503 3708 617 3757 retinuit
628 3709 773 3759 Matthiae.
825 3727 872 3761 aas
881 3703 1036 3775 (Κλεωνὰς)
1049 3711 1145 3777 refingi
1155 3712 1243 3763 voluit
1253 3708 1366 3761 Larabe·

229 3773 270 3822 Ad
283 3789 402 3838 sequens
416 3766 551 3841 ἐμήδιζον
568 3776 656 3854 suppl.
670 3769 701 3855 ρί
711 3778 771 3827 Δω-
825 3794 885 3841 rus,
909 3780 1021 3844 egregie
1043 3778 1090 3830 ille
1109 3780 1202 3897 Ιιρειιε
1221 3784 1275 3841 est,
1300 3778 1365 3827 bene

231 3843 302 3904 ριεῖς
315 3857 330 3891 e
343 3846 514 3907 praegressis
526 3859 635 3909 ταντην
650 3860 703 3909 την
715 3846 774 3895 Δω-
826 3853 953 3897 monente
964 3848 1077 3898 Krusio:
1092 3848 1134 3898 He
1148 3847 1190 3899 las
1202 3849 1236 3907 11,
1250 3848 1274 3897 2.
1290 3863 1314 3911 p.
1325 3842 1365 3894 81·

230 3906 299 3973 ρίδα
311 3907 374 3987 yria.
826 3915 903 3977 Quod
914 3931 980 3966 vero
993 3915 1071 3965 illurn
1082 3917 1215 3966 verticem
1230 3916 1367 3966 reserens

263 3973 313 4026 καλ
331 3992 384 4027 ονκ
401 3967 498 4028 έδόκεε
517 3975 694 4045 Θεσσαλοῖσι]
713 3997 774 4039 „ne-
827 3983 963 4048 appellari
975 3984 1074 4033 Noster
1087 3984 1193 4043 scribit,
1207 3998 1288 4049 quam
1297 3980 1366 4053 Plut.

231 4060 277 4109 ραι
301 4044 427 4096 Thessalis
447 4047 590 4105 videbatur,
613 4063 711 4113 nempe
732 4066 774 4098 oo·
826 4050 892 4114 syn.
908 4050 947 4101 15.
966 4067 1029 4116 pag.
1042 4050 1091 4101 461
1110 4056 1194 4101 voest
1211 4045 1264 4116 τὴν
1283 4048 1365 4100 Trio·

229 4113 323 4162 stando
345 4114 441 4173 Doris3
471 4113 566 4163 horum
594 4115 666 4165 enim
690 4116 774 4166 dueta
826 4134 895 4182 ραν,
923 4119 970 4169 ubi
1001 4113 1157 4183 Τιθορέαν
1185 4117 1365 4184 reponendum

230 4180 333 4230 Persae
345 4181 506 4240 utebantur,
520 4187 548 4231 et
561 4198 594 4232 ex
604 4183 699 4233 horum
711 4184 774 4234 libi·
826 4201 887 4237 esse
900 4191 974 4237 reete
988 4187 1091 4237 monuit
1103 4186 1221 4239 Bredov.
1233 4202 1296 4252 pag.
1309 4180 1365 4243 1293

230 4247 294 4298 dine
312 4247 373 4314 plus
390 4248 514 4299 minusve
532 4250 598 4299 malt
615 4251 773 4317 regionibus
825 4255 980 4320 Pensanias
998 4254 1016 4304 l.
1033 4254 1067 4316 l.,
1085 4256 1134 4305 nbi
1150 4254 1309 4304 Tithoream
1325 4265 1365 4300 ur·

230 4315 417 4368 inferebant.“
456 4318 485 4368 V
485 4317 606 4369 οἱοίιεπ.
826 4322 888 4373 bem
906 4329 1100 4374 commemoret
1114 4321 1258 4389 octoginta
1273 4316 1366 4372 stadiis
