2900 5122
244 356 305 419 302
679 346 947 408 HERODOTI

243 530 324 612 ἔφη,
347 518 425 603 τούς
442 527 571 605 ξείνους
589 518 790 609 φεύξεσθαι,
808 515 890 589 ούόὲ
908 515 995 589 ἐπιόν
1013 517 1098 588 εἶναι
1115 520 1305 609 αἰσχυνέειν
1321 516 1377 608 τήν

242 623 419 715 Σπάρτην
444 618 624 712 ἐθαύμασέ
638 649 674 691 τε
690 617 797 710 ὁρέων
813 617 850 690 τό
868 618 1084 711 ποιεύμενον,
1106 617 1164 690 ἅτε
1180 616 1222 690 ού
1239 648 1377 710 παραχε-

242 724 381 815 υόμευος
399 727 445 818 τῷ
463 727 611 816 προτέρῳ
630 721 726 816 λόγῳ.
746 717 763 792 ὁ
783 723 820 791 δὲ
831 730 1029 811 Παυσανίης
1045 749 1082 792 τε
1099 724 1155 791 καὶ
1172 716 1378 812 όΕύρνύναξ

244 824 356 898 δεινόν
372 828 434 918 μὲν
452 822 625 896 ἐποιεῦντο
642 822 679 894 sd
696 821 741 913 μὴ
759 830 940 895 πείθεσθαι
958 820 1089 894 ἐκεῖνον
1106 831 1217 913 σφίσι,
1241 821 1379 894 δεινότε-

241 958 303 1020 ρον
322 930 360 998 dl
377 935 436 1017 ἔτι,
455 923 587 998 ἐκείνου
604 930 709 997 ταῦτα
726 929 930 1016 υενωμένου,
949 922 1125 997 ἀπολιπεῖν
1142 922 1202 995 τόν
1214 923 1315 1015 λόχον
1325 920 1379 995 τόν

244 1141 296 1191 que
321 1124 403 1175 aliter
426 1124 459 1175 de
484 1124 527 1173 his
551 1124 681 1174 statuisse
705 1123 786 1174 video
839 1123 951 1175 nr.203.
974 1140 1039 1190 pag.
1058 1122 1125 1173 2012
1149 1139 1183 1173 ex
1200 1139 1284 1189 opere
1302 1122 1377 1187 Angli

242 1196 403 1244 Mansouem
416 1191 595 1258 (SportaVol.
603 1192 624 1240 1.
632 1193 663 1242 P.
670 1193 694 1240 2.
703 1208 729 1257 p.
739 1189 788 1240 126
839 1193 891 1244 riri
910 1193 985 1242 docti
1003 1190 1137 1256 (ancient
1155 1192 1233 1242 coins
1249 1191 1282 1241 of
1293 1190 1378 1240 Greek

242 1259 315 1326 seq.)
332 1262 429 1311 merito
448 1264 639 1325 quaerentem,
661 1259 725 1324 qnid
737 1260 787 1308 mi·
838 1261 920 1311 cities
930 1259 1074 1325 andkings
1084 1266 1147 1319 ete,
1160 1258 1378 1309 illustratedand

241 1345 300 1378 rum
313 1329 349 1379 sit
361 1330 396 1378 ab
409 1328 549 1378 Herodoto
562 1327 700 1377 eohortem
709 1328 786 1378 Pita-
838 1327 985 1393 explained
1003 1328 1039 1391 by
1050 1328 1076 1377 J.
1088 1327 1245 1393 Millingen.
1271 1326 1378 1377 London

242 1401 369 1445 natarum
382 1412 442 1445 eam
455 1396 524 1455 dici,
544 1410 615 1459 quse
629 1411 646 1445 a
657 1395 725 1444 viris
737 1395 786 1443 tri·
840 1393 915 1457 18:31)
933 1395 1142 1445 Tarentinorum
1154 1410 1267 1444 numum
1280 1394 1378 1460 profert

242 1465 292 1514 bus
316 1464 434 1513 Pitanae
461 1463 615 1513 coniunctis
639 1478 687 1527 pro
712 1476 786 1512 more
838 1462 923 1526 (Tab.
940 1464 963 1512 1.
983 1460 1041 1526 17),
1064 1463 1091 1511 in
1114 1477 1166 1527 qno
1188 1463 1275 1513 iuscri
1297 1467 1326 1511 ta
1343 1460 1377 1511 le·

241 1537 366 1581 veterum
396 1532 482 1581 fuerit
512 1531 673 1596 composita.
716 1530 784 1579 Add.
838 1536 938 1596 guntur
960 1531 1047 1580 verba
1072 1529 1236 1594 anesseim
1286 1544 1377 1580 ιτανα·

241 1599 350 1662 Kdebly
364 1605 392 1649 et
404 1599 529 1649 Riistow:
548 1597 658 1648 Grieoh.
673 1598 785 1662 Kriegs-
837 1613 903 1648 τανε
928 1612 999 1662 quae
1016 1597 1102 1648 rerba
1119 1598 1210 1647 editor
1227 1597 1333 1663 Auglns
1349 1611 1377 1646 eo

241 1682 334 1718 wesen
351 1683 415 1733 pag.
429 1666 470 1728 37,
489 1667 536 1730 qni
553 1681 606 1715 neo
618 1665 786 1715 Herodotum
838 1667 936 1727 refert,
956 1666 1028 1715 utin
1041 1665 1182 1715 condendo
1194 1666 1320 1716 Tarento
1331 1664 1376 1714 riri

242 1752 294 1785 nec
311 1734 499 1800 Thucydidem
520 1734 549 1783 in
567 1734 669 1784 talibus
687 1732 787 1783 errorirr
838 1733 925 1783 tribus
954 1732 1013 1784 sire
1042 1734 1098 1783 vici
1127 1732 1250 1783 Pitanae
1279 1736 1376 1798 partem

242 1803 363 1853 incusari
376 1817 455 1867 posse
465 1807 573 1866 putant,
587 1801 612 1851 si
621 1800 729 1866 quidem
740 1800 787 1864 qui
838 1801 976 1867 quandam
987 1800 1120 1851 habuisse
1132 1805 1275 1865 putentur,
1301 1814 1376 1863 eoque

242 1871 375 1921 Herodoti
394 1875 488 1919 aetate
508 1870 616 1919 exstitit
634 1871 694 1931 (aut
710 1871 786 1917 certe
838 1869 917 1918 modo
935 1869 987 1919 hoc
1000 1883 1100 1919 nomen
1111 1869 1265 1918 Tarentum
1279 1882 1375 1933 quoque

242 1938 412 2003 temporibus
424 1936 492 1987 belii
504 1937 624 1999 Persici)
643 1928 726 2001 λόχος
742 1935 787 1984 Pi·
838 1936 1001 1986 translatum
1014 1937 1059 1986 sit
1083 1936 1120 1985 nt
1131 1935 1269 1986 Muellero
1281 1936 1331 1986 hoe
1342 1936 1376 1983 ita

241 2011 413 2067 tariotarum,
433 2019 493 2054 eum
506 2003 675 2068 Thucydidis
693 2008 786 2053 aetate
837 2006 929 2070 potius
941 2004 1133 2069 explicandum
1144 2003 1272 2061 ridetur,
1288 2009 1319 2054 ut
1329 2002 1375 2051 Ta·

242 2079 271 2121 ot
283 2072 461 2137 sequentibus
474 2072 640 2137 temporibus
657 2087 711 2120 non
729 2086 785 2120 am·
838 2073 940 2122 rentini
964 2072 1057 2137 patris
1080 2073 1223 2122 Laconum
1256 2072 1376 2121 instituta

241 2140 314 2206 plius
336 2140 476 2189 exstitisse
497 2139 649 2189 credamus.
683 2139 719 2187 Et
739 2138 786 2203 qui
837 2139 977 2190 imitantes
1002 2139 1073 2204 apud
1095 2155 1125 2190 se
1150 2154 1262 2204 quoque
1286 2137 1376 2191 conso·

241 2224 329 2274 nuper
345 2210 375 2256 iu
391 2207 547 2272 Specimine
565 2208 679 2268 Quaest.
699 2206 785 2255 histo-
837 2208 923 2258 tuisse
936 2207 1135 2272 perhibeantur
1148 2209 1327 2257 Pitanutum
1337 2221 1374 2256 ιο·

241 2278 307 2326 ricc.
338 2276 372 2325 de
402 2274 563 2338 Thucydide
593 2277 622 2324 et
644 2273 785 2323 Herodoto
835 2277 941 2325 hortem.
962 2275 1199 2340 Neodeniquead
1210 2274 1375 2326 hanetotam

242 2344 380 2407 (Berolin.
400 2341 483 2407 1851)
500 2358 566 2409 pag.
583 2341 693 2393 30-34
714 2342 785 2391 haee
836 2344 1026 2408 quaestionem
1039 2343 1137 2393 referri
1154 2358 1210 2394 non
1222 2359 1306 2409 posse
1318 2348 1375 2408 puto

241 2413 383 2475 tractavit,
397 2410 535 2473 Salomon,
548 2412 577 2460 iu
589 2410 785 2485 Spartanorum
835 2411 994 2461 Pausaniae
1006 2410 1095 2460 locum
1108 2411 1158 2471 111,
1173 2411 1211 2461 14.
1223 2411 1283 2528 χλ,
1297 2410 1342 2460 ubi
1351 2409 1375 2458 in

243 2482 367 2530 exercitu
379 2480 465 2530 fuisse
477 2479 574 2529 statuit
588 2484 616 2528 et
628 2479 687 2543 ipse
700 2477 786 2541 λοχον
837 2481 938 2544 Sparta
962 2484 1189 2529 commemoratur
1206 2478 1221 2528 λ
1239 2493 1294 2545 αχιχ
1310 2477 1375 2540 Kes-

242 2548 391 2612 quendam,
411 2548 458 2612 qui
474 2546 519 2597 rel
538 2547 631 2596 esolis
644 2544 801 2595 Pitanatis‘
837 2545 944 2608 τανιόν,
963 2545 1006 2596 his
1024 2546 1125 2596 additis
1143 2547 1253 2597 serbis:
1279 2541 1332 2597 ελοὶ
1347 2537 1375 2594 li

241 2616 287 2665 rel
302 2620 378 2664 certe
400 2616 546 2664 maximam
567 2618 673 2679 partem
690 2628 722 2662 ex
740 2612 785 2662 iis·
838 2607 868 2664 ολ
879 2610 1022 2693 Κροτανοὶ
1035 2612 1250 2664 Πιτανατῶν
1267 2616 1374 2680 μοῖρα.

241 2683 303 2733 dem
321 2683 479 2732 constiterit
495 2682 613 2746 indeque
626 2681 698 2731 bane
710 2681 786 2730 Pita·
871 2697 938 2740 τους
951 2679 1073 2746 ξείνους]
1091 2682 1161 2731 Vide
1179 2697 1266 2747 supra
1282 2683 1326 2737 1x‚
1341 2680 1373 2728 ll.

241 2756 368 2800 natarum
387 2741 472 2812 λόχον
489 2749 721 2814 significationem
738 2762 783 2796 ao·
836 2750 950 2868 qibique
967 2750 1054 2813 nott.)
1075 2750 1108 2799 55
1130 2754 1160 2799 et
1181 2750 1215 2799 ad
1238 2748 1375 2800 formulam

242 2818 363 2882 ceperit:
381 2831 452 2880 quae
470 2818 596 2881 quamvis
610 2817 683 2865 inter
698 2817 785 2866 Grae·
852 2810 910 2867 νύν
922 2809 998 2868 εἶναι
1011 2817 1040 2867 in
1053 2833 1127 2882 seqq.
1145 2818 1207 2880 VII,
1222 2817 1274 2867 164
1291 2817 1374 2881 ibique

243 2901 289 2934 cos
303 2886 432 2948 frequens
446 2884 530 2932 fuerit
543 2883 785 2947 appellatio‚eam
836 2890 904 2935 nott.
946 2887 988 2935 De
1017 2885 1101 2935 verbo
1129 2878 1283 2950 αἰσχύνειν
1309 2882 1375 2935 coni.

241 2957 336 3001 tamen
352 2952 381 2998 iu
398 2950 518 3014 publicis
535 2951 617 2999 rebus
634 2950 670 3011 (v.
685 2966 708 2999 c.
723 2966 784 2999 eum
836 2958 905 3003 nott.
917 2953 951 3003 ad
965 2954 1026 3016 VII,
1039 2952 1072 3003 53
1085 2958 1113 3002 et
1125 2953 1159 3003 de
1172 2953 1313 3003 locutione
1325 2950 1375 3001 der·

242 3017 344 3069 milites
354 3018 593 3067 conscriberentur
610 3023 659 3066 ant
675 3018 785 3067 omnino
836 3013 888 3071 νόν
900 3020 1051 3071 ποιεῖσθαι
1063 3026 1131 3071 nott
1144 3020 1180 3070 sd
1190 3021 1241 3081 111,
1259 3021 1298 3071 14.

242 3087 276 3136 de
286 3085 402 3150 singulis
413 3087 553 3150 copiarum
562 3085 687 3149 partibus
696 3099 785 3134 sermo
871 3079 985 3139 ἐκείνου
1004 3088 1096 3140 ταῦτα
1117 3083 1294 3154 reversim]
1315 3089 1332 3137 i.
1352 3102 1373 3135 a

240 3152 399 3215 haberetur)
421 3154 468 3202 rix
487 3152 639 3202 adhibitam
661 3152 785 3217 adeoque
836 3173 890 3205 cram
906 3157 948 3207 ille
971 3156 1215 3221 (hmompharetus
1235 3159 1290 3207 dux
1306 3153 1374 3214 soil.)

241 3222 329 3271 minus
338 3222 475 3288 propriam
485 3237 518 3271 ae
528 3220 688 3270 sollemnem
698 3220 786 3269 videri
836 3226 963 3275 itaaecnm
974 3227 1105 3275 rtotrubsei
1116 3241 1137 3275 s.
1148 3226 1197 3274 dos
1209 3231 1281 3275 earet
1293 3226 1374 3273 mino.

241 3289 412 3341 fnisseidem
428 3289 579 3340 rii-doetus
597 3288 681 3342 addit.
705 3288 785 3349 Quae
836 3291 993 3409 Hcsgehius
1014 3293 1048 3343 11.
1071 3309 1097 3358 p.
1115 3290 1166 3342 667
1184 3286 1321 3342 νένιπται·
1346 3280 1375 3339 όν
1428 3300 1429 3317 ³

241 3361 355 3409 sumita
372 3358 441 3420 siut,
460 3357 627 3408 Herodotum
646 3371 663 3405 a
676 3357 783 3419 Thucy·
837 3357 877 3423 νῷ

242 3426 305 3476 dide
318 3425 549 3492 (quemHerodoti
561 3425 646 3475 libros
659 3424 785 3489 cognitos
837 3431 865 3475 et
888 3428 1020 3478 Herodot.
1045 3429 1071 3489 1,
1095 3427 1137 3478 68.
1162 3427 1195 3475 77
1219 3427 1289 3493 ibiq.
1311 3430 1373 3476 nott

240 3509 294 3543 non
306 3494 447 3557 habuisse,
460 3494 516 3544 iam
529 3493 565 3544 ad
576 3494 622 3556 v1,
635 3492 668 3543 57
681 3493 784 3543 monui·
836 3493 910 3544 Hinc
927 3494 1000 3546 male
1019 3496 1096 3547 codd:
1115 3494 1210 3561 plures
1227 3485 1374 3557 ύναινομό

241 3560 319 3628 mus)
341 3562 420 3627 tangi
442 3567 489 3612 aut
503 3561 671 3611 Herodotum
693 3576 785 3610 errore
837 3577 898 3613 νον.
912 3563 991 3625 Quod
1003 3578 1085 3614 unum
1096 3578 1190 3614 rernm
1203 3569 1247 3613 est
1261 3553 1374 3626 smpi-

240 3629 286 3679 bio
307 3629 415 3696 lapsum
437 3644 497 3680 esse
518 3630 564 3693 (ut
582 3633 694 3694 praeter
715 3628 786 3678 alios
837 3645 902 3689 νον,
920 3647 936 3680 e
948 3632 1087 3683 Sanerofti
1104 3632 1174 3682 libro
1187 3629 1289 3680 dudum
1305 3642 1374 3681 rese·

242 3698 385 3748 contendit
405 3698 553 3757 biennius,
578 3712 658 3761 quem
678 3696 734 3747 vid.
756 3696 785 3745 in
835 3699 1139 3765 peratWesselingins.

241 3765 332 3815 heett.
350 3768 407 3815 Att.
426 3766 449 3826 1,
470 3764 509 3815 le.
529 3762 561 3813 16
577 3764 641 3815 coll.
662 3763 783 3814 Miscell.
870 3758 1025 3818 (irretiaris
1040 3761 1091 3818 τὸν
1110 3759 1212 3832 λόχον]
1231 3758 1284 3816 τόν
1296 3756 1374 3828 λόχον

242 3834 364 3882 Laconn.
378 3849 442 3899 pag.
459 3831 533 3895 166),
552 3832 625 3882 haud
643 3832 710 3881 mihi
724 3847 786 3897 per·
836 3850 885 3901 pro
902 3835 1006 3885 obiecti
1029 3836 1192 3886 accusativo
1210 3833 1330 3899 accipio,
1352 3830 1373 3879 si

241 3900 351 3951 suaderi
367 3902 468 3966 patiar.
498 3899 578 3949 Conf.
598 3901 682 3950 etiam
700 3900 731 3950 C.
751 3898 783 3952 0.
837 3902 945 3968 quidem
963 3907 991 3953 et
1008 3902 1034 3952 h.
1048 3902 1067 3952 1.
1086 3908 1115 3952 et
1126 3904 1155 3952 in
1167 3902 1292 3968 proxime
1304 3912 1373 3962 seqq.

241 3968 371 4019 Mueller:
385 3970 449 4018 Dor.
462 3969 499 4019 11.
517 3983 581 4034 pag.
593 3967 640 4027 56,
659 3969 705 4018 ubi
719 3972 784 4034 apte
835 3972 955 4035 itemque
968 3987 1030 4037 cap.
1043 3969 1077 4021 bd
1093 3970 1208 4020 verbum
1224 3958 1374 4019 οἷνολινείν

242 4035 418 4086 Caracallam
446 4037 638 4102 imperatorem
667 4037 781 4101 profert,
834 4052 912 4088 snam
929 4038 1031 4090 retinet
1043 4039 1098 4088 vim
1116 4038 1246 4088 activam.
1272 4036 1373 4087 oraru

242 4104 408 4170 quiantiqua
418 4104 545 4154 instituta
554 4104 666 4155 imitans
676 4120 691 4154 e
702 4103 783 4169 Spar·
834 4112 916 4156 murm
937 4107 1002 4171 ipsis
1016 4106 1150 4159 uidebatur
1165 4106 1289 4156 ἄεισεν-ε
1305 4102 1371 4151 rea·

242 4174 315 4223 tanis
333 4172 467 4223 formasse
480 4172 583 4223 dieitur
598 4165 684 4237 λόχον
695 4171 784 4223 Πιτα·
834 4180 951 4224 nmmum
967 4175 1096 4225 estonam
1111 4173 1268 4231 timentiban
1290 4186 1333 4227 ne.
1352 4170 1374 4217 ⁸¹⁸

241 4236 333 4308 νύτην
350 4240 509 4292 Herodiano
527 4239 574 4303 IV,
589 4240 614 4294 8.
647 4241 724 4291 Idem
741 4241 784 4290 vir
834 4257 889 4292 esra
900 4244 1084 4299 deserrrimat,
1095 4243 1232 4304 soricum,
1245 4236 1372 4305 sequte

242 4312 337 4365 doctus
349 4311 377 4359 in
390 4309 694 4375 Annall.Gottingenss.
711 4306 783 4359 1835.
833 4324 887 4360 ααιι
902 4311 1008 4376 rettqrrie
1020 4310 1128 4361 Graecia
1138 4314 1320 4369 sommant,
1339 4306 1372 4353 is·

905 3374 956 3425 χει.
982 3359 1050 3411 Add.
1060 3358 1179 3425 Etymol.
1193 3375 1286 3426 magn.
1299 3354 1372 3425 peel
