2866 5134
231 415 292 477 430
647 409 963 472 COMMENTATIO

315 584 420 636 Contra
446 584 551 654 aliquot
575 601 642 636 sane
667 582 694 635 in
710 580 844 636 Herodoti
864 582 942 634 libris
968 584 1168 652 superstitibus
1191 584 1356 636 inveniuntur

231 669 291 735 loci,
306 669 334 720 in
353 670 453 738 quibus
465 670 632 722 Hecataeum
646 666 689 721 vel
704 686 836 737 expresse
851 666 895 719 vel
909 667 993 719 tacite
1009 668 1096 736 tangi,
1109 668 1220 721 dubiam
1235 686 1291 720 esse
1306 686 1355 720 non

230 761 331 824 potest.
363 754 494 807 cavillari
508 755 675 807 Hecataeum
689 760 717 804 et
731 752 884 821 aequalium
898 752 968 805 risui
983 770 1122 823 exponere
1137 754 1245 806 Noster
1260 753 1356 806 ridetur

230 839 266 905 ll,
284 841 342 907 143,
362 840 407 891 ubi
427 839 482 892 vid.
500 845 570 891 nott.
586 837 646 891 Vol.
668 839 691 890 Ι.
707 856 734 906 ρ.
751 840 802 891 755
820 845 848 890 et
860 836 922 889 add.
938 836 1073 891 Klausen.
1090 838 1108 890 l.
1124 838 1142 889 Ι.
1159 857 1186 908 p.
1200 840 1218 891 0
1232 856 1296 909 seq,
1310 855 1356 890 nec

227 923 324 975 melius
352 924 468 977 eundern
495 930 595 976 tractat
619 923 667 989 Vl,
685 925 734 976 137
749 921 811 974 coll.
826 920 859 986 V,
874 924 917 985 36,
942 923 989 975 obi
1009 923 1167 976 Hecataeus
1186 922 1280 975 bellum
1302 940 1357 975 cum

228 1007 324 1061 Persis
348 1008 497 1061 ineundum
523 1008 688 1061 dissuadens
714 1007 843 1060 landatur
863 1005 957 1059 addito
983 1007 1065 1059 titulo
1080 1010 1131 1061 τοῦ
1151 1009 1304 1079 λογοποιοῦ,
1319 1014 1358 1059 'ut

230 1094 266 1159 ΙΙ,
285 1095 344 1146 143.
372 1093 448 1156 Quin
472 1093 598 1146 acerbius
620 1094 788 1145 Hecataeum
809 1091 901 1159 tangit
921 1092 944 1159 I,
966 1094 1025 1159 140,
1050 1093 1097 1144 ubi
1117 1094 1152 1145 ct‘.
1175 1098 1244 1145 nott.
1263 1091 1319 1145 Vol.
1334 1092 1356 1143 1.

227 1197 255 1248 p.
272 1179 324 1231 300
346 1184 375 1231 et
394 1178 526 1232 Klauaen.
552 1177 569 1230 Ι.
591 1177 609 1229 l.
625 1196 653 1247 p.
671 1180 730 1243 108,
751 1178 789 1242 ΙΙ,
811 1179 854 1229 21.
870 1179 913 1242 23,
926 1176 974 1228 ubi
989 1176 1045 1229 vid.
1069 1184 1139 1230 nott.
1157 1177 1218 1229 Vol.
1233 1178 1256 1229 l.
1269 1196 1295 1246 p.
1309 1179 1357 1230 413

227 1261 289 1315 coll.
304 1261 352 1330 IV,
369 1264 395 1315 8.
412 1282 438 1332 p.
453 1266 515 1317 302.
532 1262 592 1315 Vol.
608 1262 637 1314 ΙΙ
652 1262 798 1339 ο1·Ι1’,30.
814 1278 877 1331 pag.
895 1264 955 1327 371,
972 1261 1040 1314 adeo
1057 1270 1088 1314 ut
1101 1269 1194 1315 terrae
1204 1261 1358 1331 descriptio·

227 1365 286 1400 nem
300 1348 406 1399 minime
422 1367 455 1401 ex
471 1349 609 1401 Hecataeo
625 1348 800 1416 repetendam
815 1345 991 1411 crediderim,
1013 1353 1045 1398 ut
1066 1347 1229 1417 quibusdam
1248 1346 1360 1416 placuit:

227 1435 262 1484 cs.
288 1431 466 1500 Dinonigert
488 1433 530 1484 De
552 1433 719 1501 geographia
740 1430 874 1484 Herodoti
894 1449 921 1500 p.
937 1434 962 1498 5,
981 1432 1146 1485 Grotefend.
1164 1433 1316 1501 Geograpb.
1331 1448 1360 1483 u.

228 1517 329 1569 Gescb.
357 1535 385 1569 v.
413 1516 516 1569 Altital.
543 1517 566 1571 I.
592 1536 619 1586 p.
644 1520 685 1569 14.
725 1516 815 1586 Atque
832 1515 912 1568 etiam
928 1516 962 1569 de
978 1516 1082 1585 Caspio
1095 1517 1163 1570 mari
1177 1533 1248 1586 qaae
1262 1517 1361 1569 Noster

226 1601 322 1654 scribit
337 1618 403 1654 vera
419 1602 441 1668 Ι,
458 1606 517 1668 202,
534 1620 567 1654 ea
582 1609 677 1653 contra
692 1601 874 1668 Hecataeum,
895 1601 945 1670 qui
960 1601 1091 1671 Caspium
1105 1619 1179 1654 mare
1195 1619 1246 1670 pro
1260 1600 1360 1654 Oceani

226 1687 288 1739 sinu
316 1686 451 1752 habuerit,
479 1686 583 1755 scripta
606 1704 669 1739 esse
695 1685 837 1738 contendit
852 1684 985 1738 lllausen.
1011 1686 1030 1737 l.
1050 1686 1069 1737 l.
1088 1704 1152 1755 pag.
1168 1689 1211 1752 02,
1227 1687 1271 1738 cui
1287 1686 1357 1738 etiarn

224 1776 266 1841 (p.
285 1774 347 1837 131)
364 1772 524 1824 Herodotus
544 1771 581 1837 ll,
598 1775 629 1826 3:
641 1755 769 1839 Ἕλληνες
791 1766 822 1823 di
843 1767 951 1839 λέγουσι
965 1762 1035 1824 ἄλλα
1056 1789 1087 1825 τε
1100 1765 1205 1839 μάταια
1214 1765 1302 1824 πολλὰ
1315 1768 1360 1823 sal

225 1849 263 1917 oie
283 1858 425 1924 γυναικῶν
444 1853 494 1917 τὰς
515 1850 638 1923 γλώσσας
659 1848 674 1908 ὁ
694 1849 874 1925 Ψαμμήτιχος
893 1848 1019 1924 &captiv
1033 1875 1061 1911 x.
1079 1874 1104 1909 c.
1120 1860 1145 1909 t.
1166 1857 1236 1908 banc
1255 1854 1363 1909 fabulae

224 1941 433 2010 discrepantiam
451 1942 476 1994 in
494 1941 625 1993 Hecataei
647 1939 716 1993 libro
736 1941 838 2008 legisse
855 1939 974 2007 uidetur,
992 1940 1095 2010 quique
1109 1944 1152 2011 (p.
1171 1942 1235 2007 128)
1250 1940 1363 1993 eunden

224 2025 390 2077 Hecataeum
411 2025 527 2093 intelligi
549 2033 577 2077 et
595 2025 695 2094 respici
717 2032 796 2094 putat
810 2025 848 2091 ll,
866 2028 897 2077 15
911 2025 939 2076 in
954 2025 1000 2091 iis,
1013 2042 1084 2094 quae
1099 2025 1134 2077 de
1148 2026 1232 2078 rebus
1249 2042 1364 2093 geogra-

225 2109 312 2177 phicis
326 2109 409 2163 lones
421 2116 556 2179 statuunt,
573 2118 602 2161 et
612 2111 650 2177 ll,
667 2113 717 2163 150
733 2113 761 2163 in
779 2110 823 2177 iis,
839 2125 909 2178 quae
925 2109 959 2161 de
970 2109 1063 2163 insula
1078 2111 1169 2163 mobili
1184 2110 1265 2163 babet
1275 2110 1364 2163 Hero·

223 2193 306 2246 dotus
323 2211 417 2263 parum
439 2195 493 2264 ipsi
517 2194 666 2247 credibilia.
700 2194 763 2246 Vid.
782 2195 879 2261 fragm.
895 2194 992 2246 Hecat.
1012 2214 1039 2265 p.
1057 2198 1116 2249 123.
1148 2195 1186 2247 Et
1198 2195 1365 2247 Hecataeum

223 2277 360 2332 Milesium
383 2279 508 2350 aliosque
529 2278 654 2331 Milesios
674 2288 816 2346 auctores,
831 2277 987 2344 Thaletem,
1003 2279 1249 2347 Anaximandrum,
1263 2280 1366 2332 Anaxi-

222 2380 341 2431 menem,
368 2364 513 2431 Cadmum,
540 2380 655 2434 quorum
675 2364 823 2433 populares
850 2362 967 2433 plurima
982 2364 1142 2417 commercia
1163 2364 1367 2433 perScythiam

222 2447 340 2518 egerint,
352 2456 465 2502 secutus
481 2449 592 2502 videtur
606 2448 766 2501 Herodotus
779 2449 816 2515 ll,
832 2449 876 2513 34,
898 2448 946 2500 ubi
958 2456 1054 2500 narrat
1067 2448 1170 2502 Istrum
1191 2443 1261 2518 πρὸς
1281 2454 1370 2503 xoi-

221 2534 289 2585 λῶν
303 2529 505 2601 γινώσκεσθαιε
529 2535 602 2586 conf.
622 2533 701 2585 etiam
722 2533 759 2601 11,
779 2535 822 2587 33.
845 2529 910 2585 Vol.
925 2532 950 2585 1.
968 2551 996 2602 p.
1011 2536 1063 2587 408
1078 2540 1107 2586 et
1128 2534 1184 2585 rid.
1201 2535 1310 2586 Krase:
1324 2534 1369 2586 De

222 2617 288 2669 latri
305 2619 384 2671 ostiis
398 2638 425 2688 p.
442 2624 485 2671 20.
523 2619 555 2670 In
572 2619 655 2671 rebus
669 2617 806 2684 Scythicis
820 2616 889 2669 adeo
910 2633 1030 2670 novuse
1048 2618 1179 2670 nonnulla
1194 2618 1369 2671 Herodotus

222 2702 351 2770 opinatur
368 2704 550 2756 Brundstiter
570 2702 717 2771 (Scythice.
736 2721 765 2773 p.
789 2704 830 2756 13.
848 2704 917 2769 14.),
940 2708 972 2753 ut
983 2702 1138 2770 Hecataeo,
1157 2703 1204 2772 qui
1220 2703 1254 2755 de
1268 2703 1372 2758 iisdem

221 2785 372 2854 retulisset,
388 2806 420 2840 se
432 2792 593 2858 opponeret.

304 2871 381 2924 Haec
406 2873 515 2941 quidem
541 2871 629 2924 omnia
656 2872 684 2923 in
712 2888 794 2924 unum
819 2879 996 2940 conspectum
1011 2872 1102 2941 posita
1117 2888 1281 2942 quamquam
1295 2874 1374 2926 satis

220 2966 432 3009 commonstrare
458 2956 596 3022 videntur,
623 2956 765 3010 Herodoto
793 2956 934 3023 Hecataei,
963 2956 1015 3009 viri
1041 2956 1116 3008 inter
1138 2956 1270 3026 aequales
1299 2974 1374 3011 suos

221 3040 416 3109 eminentioris,
435 3050 465 3094 ut
481 3040 523 3094 rel
539 3041 624 3093 eloco
641 3041 674 3107 V,
691 3043 725 3095 30
741 3047 864 3111 apparet,
881 3040 984 3110 scripta
996 3041 1108 3108 cognita
1128 3041 1217 3093 luisse
1235 3060 1269 3094 ac
1282 3043 1372 3111 digna

221 3141 331 3195 quoque
347 3125 452 3192 habita,
473 3143 543 3196 quae
565 3133 679 3195 propter
693 3126 838 3195 scriptoris
853 3121 1080 3192 auctoritatem*)
1096 3126 1222 3178 crebrius
1240 3127 1369 3196 respice

220 3216 276 3277 ret,
299 3210 405 3263 minime
423 3217 511 3263 tamen
533 3210 601 3263 illud
622 3227 823 3280 usquequaque
844 3211 954 3262 efficere
970 3228 1053 3279 posse
1071 3210 1211 3278 ridentur,
1228 3220 1260 3264 ut
1276 3212 1370 3264 Hero-

219 3298 311 3347 dotum
324 3294 456 3348 Hecataei
477 3295 563 3348 libros
588 3293 748 3364 compilasse
771 3295 891 3365 indeque
916 3294 988 3347 baud
1008 3311 1095 3364 pauca
1116 3295 1144 3347 in
1168 3311 1244 3348 suam
1268 3312 1372 3348 narra-

218 3379 319 3433 tionem
345 3381 524 3434 transtulisse
550 3379 723 3445 arbitremur,
748 3381 911 3449 praesertim
933 3397 992 3432 cum
1018 3397 1060 3449 ee,
1086 3396 1160 3451 quae
1176 3397 1210 3432 ex
1221 3380 1376 3434 Hecataeo

219 3462 317 3517 hausta
338 3473 485 3534 putentur,
509 3484 525 3518 e
547 3482 599 3517 suo
615 3481 725 3534 quoque
740 3482 814 3534 penu
837 3482 890 3517 non
906 3464 996 3517 minus
1011 3466 1083 3517 bene
1098 3466 1224 3534 proferre
1239 3465 1379 3534 potuerit

218 3548 331 3616 Noster,
352 3568 431 3619 quern
446 3551 499 3602 ista
515 3550 575 3602 loca
589 3550 678 3619 ipsum
694 3549 797 3602 adiisse
813 3566 897 3618 supra
914 3548 1054 3602 evicimus.
1085 3549 1168 3601 Cont.
1188 3550 1273 3601 etiam
1295 3548 1377 3602 aaut·

218 3630 267 3686 ler.
283 3633 301 3686 l.
317 3633 335 3689 l.
351 3652 413 3703 pag.
429 3634 492 3686 XlV
508 3653 567 3705 seq.
598 3635 680 3687 Immo
695 3634 767 3687 baud
782 3651 884 3704 pauca,
900 3651 979 3704 quae,
997 3634 1084 3687 uthis
1103 3642 1181 3701 utar,
1195 3633 1223 3686 in
1241 3633 1378 3704 Aegypti

217 3717 402 3788 descriptione
428 3721 461 3771 ab
478 3720 619 3772 Herodoto
636 3719 828 3789 praetermissa
843 3714 1039 3788 miramur**),
1060 3718 1105 3771 rel
1126 3735 1184 3772 eam
1199 3719 1236 3771 ob
1251 3735 1378 3775 causan

217 3801 251 3851 ab
271 3802 512 3857 Halicarnassensi
534 3805 634 3857 omissa
655 3822 719 3857 esse
739 3805 914 3871 crediderim,
937 3804 1012 3874 quod
1026 3805 1093 3856 baec
1108 3804 1224 3857 uberius
1241 3804 1300 3856 iam
1323 3821 1377 3856 ea-

217 3886 308 3955 posita
337 3887 442 3940 viderat
467 3890 501 3941 ab
525 3889 678 3955 Hecataeo,
706 3890 785 3941 cuius
815 3890 917 3959 scriptu
943 3889 1054 3942 multum
1079 3889 1206 3941 manibus
1233 3889 1379 3942 terebant

216 4017 418 4026 m·-

282 4082 311 4150 *)
328 4087 371 4135 De
389 4101 443 4150 qua
461 4085 517 4136 vid.
537 4100 606 4151 quae
626 4093 809 4152 exposuerunt
834 4089 1027 4138 Westermenu
1050 4088 1079 4137 in
1097 4086 1185 4151 Pauly
1204 4085 1377 4146 Resleucy·

216 4154 286 4219 clop.
310 4154 360 4203 111.
379 4169 441 4218 pag.
469 4152 542 4211 1083,
564 4152 696 4204 Crenzcr:
721 4156 825 4207 Hister.
849 4157 937 4206 Kunst
958 4156 984 4205 d.
1005 4154 1113 4205 Griech.
1133 4171 1159 4219 p.
1177 4152 1230 4203 280
1252 4152 1303 4204 ed.
1324 4166 1381 4200 aa·

217 4221 306 4278 eund..
325 4221 417 4271 Mure:
437 4221 551 4284 History
568 4228 620 4272 etc.
640 4222 685 4271 1v.
705 4239 768 4288 pag.
789 4223 845 4273 140.

282 4286 325 4356 ²⁶¹²)
344 4288 390 4338 Sic
408 4289 441 4339 de
459 4289 576 4338 Thebis:
595 4290 650 4340 vid.
670 4297 737 4340 nott.
757 4292 792 4340 ad
809 4291 846 4356 ll,
868 4291 907 4353 15,
926 4308 952 4356 p.
972 4289 1022 4342 403
1041 4295 1069 4340 ct
1087 4289 1121 4339 ad
1140 4290 1181 4355 Π,
1200 4288 1241 4339 28.
1260 4303 1295 4353 p.
1315 4282 1377 4334 482

215 4358 275 4408 Vol.
296 4358 439 4423 lpropter
456 4356 543 4406 multu
561 4356 619 4406 alia
637 4360 665 4407 in
683 4359 765 4408 rebus
777 4360 959 4425 Aegyptiacis
977 4358 1012 4408 ab
1024 4357 1164 4408 Herodoto
1184 4358 1308 4415 omisaa;
1331 4352 1375 4402 cf.

215 4441 321 4491 quoque
339 4430 406 4475 nott.
427 4425 461 4475 ud
478 4425 525 4485 VI,
544 4424 585 4475 55.
607 4425 664 4475 Vol.
681 4426 732 4475 111.
750 4443 776 4492 p.
794 4427 853 4479 203.
