2952 5156
246 398 308 464 128
684 390 958 495 Hsuono'rl

246 572 462 657 adeoupder
494 563 606 637 αὐτων
633 561 715 634 κατά
736 558 800 644 ’τάς
832 566 1071 653 Θεμιστοκλέος
1103 561 1236 644 ἐντολάς
1268 560 1383 652 ὀλίγοι,

245 675 280 739 οί
300 670 338 739 δὲ
361 671 502 748 πλεῦνες
522 663 572 736 οὔ.
598 662 685 755 ”Exn
709 668 772 755 μέν
798 692 863 735 νυν
889 669 1024 754 συχνῶν
1048 660 1217 754 οὐνόματα
1234 664 1385 757 τριηράρ

245 799 314 860 χων
337 772 524 858 καταλέξω,
548 770 616 837 τοῖν
643 770 720 848 νέας
744 762 936 854 Ἑλληνίδας
960 764 1121 851 ἑλόντων,
1163 765 1323 857 χρήσομαι
1350 768 1387 836 dl

245 868 374 943 αὐτοῖσι
408 867 528 959 οὐδὲν,
563 865 651 956 πλὴν
680 866 907 959 Θεομήστορός
941 895 976 938 τε
1010 866 1071 937 τοῦ
1102 864 1386 957 Ἀνδροδάμαντος

244 975 301 1044 καὶ
325 970 484 1043 Φυλάκου
512 975 573 1042 του
601 965 771 1058 Ἱστιαίου,
807 976 947 1059 Σαμίων
968 965 1173 1063 ἀμφοτέρων.
1225 970 1326 1039 redde
1349 970 1387 1039 dl

246 1081 357 1144 ε’ίνεκα
379 1076 545 1164 μέμνημαι
573 1070 702 1142 τούτων
730 1069 881 1161 μούνων,
915 1067 966 1140 ὅτι
1001 1068 1201 1160 Θεομήστωρ
1233 1071 1296 1161 μὲν
1332 1067 1387 1140 διά

244 1179 341 1246 τοῦτο
359 1173 395 1245 cd
413 1182 512 1266 ἔργον
527 1172 646 1263 Σάμου
665 1171 901 1263 ἐτυράννευσε,
921 1170 1197 1267 καταστησάντων
1214 1174 1283 1242 τών
1299 1183 1386 1262 Περ

244 1280 346 1347 σίων·
372 1275 525 1358 Φύλακος
544 1276 582 1345 δὲ
600 1270 773 1366 εὐεργέτης
792 1277 943 1362 βασιλέος
960 1270 1149 1363 άνεγράφη,
1174 1275 1230 1344 καὶ
1247 1271 1341 1362 χάρη
1356 1279 1391 1343 oi

245 1377 401 1470 ἐδωρήθη
419 1377 533 1466 πολλή.
558 1382 593 1447 ολ
610 1373 642 1446 δ’
663 1371 830 1466 εὐεργέται
848 1378 910 1445 τοῦ
925 1379 1078 1462 βασιλέος
1095 1370 1275 1465 ὀροσάγγαι
1293 1378 1387 1447 καλέ-

198 1480 338 1555 86ονται
361 1488 530 1570 Περσιστί.
575 1480 652 1569 περὶ
686 1480 748 1567 μέν
771 1506 837 1547 ννυ
861 1474 999 1557 τούτους
1025 1473 1113 1545 οὕτω
1140 1475 1215 1565 εἶχε.
1276 1473 1323 1545 Τδ
1352 1476 1388 1545 δὲ
1460 1566 1465 1575 Ι

244 1586 373 1669 πλῆθος
390 1584 458 1651 τῶν
475 1584 563 1651 νεών
576 1583 612 1649 ἐν
629 1582 671 1669 τῇ
682 1587 848 1667 Σαλαμῖνι
867 1581 1059 1667 ἕκεραίζετο,
1078 1581 1116 1648 αλ
1130 1578 1192 1667 μὲν
1209 1571 1271 1646 ὑπ’
1288 1573 1387 1665 Ἀθη

244 1780 332 1830 derat.
368 1779 469 1830 Falsus
488 1780 559 1829 enim
577 1784 618 1829 est
634 1778 786 1832 Themisto·
839 1777 925 1842 prium
939 1775 1249 1827 inhisceessererbum
1259 1769 1388 1840 α’ναγρά-

186 1890 190 1898 .
244 1847 315 1908 cles‚
335 1862 450 1912 sperans
468 1848 539 1909 fore,
557 1852 588 1896 nt
603 1846 787 1913 plureslones
840 1844 950 1908 φεοδαι
975 1845 1083 1906 docuit,
1105 1844 1229 1909 pluribus
1252 1843 1324 1894 locis
1350 1844 1388 1893 al·

245 1915 280 1965 sd
293 1916 415 1965 Graecos
428 1916 579 1965 transirent
597 1918 645 1964 aut
658 1917 732 1963 certe
746 1928 788 1962 se·
840 1912 919 1973 latis,
944 1912 1090 1962 Heindorf.
1114 1912 1149 1962 ad
1170 1911 1279 1961 Platon.
1301 1912 1388 1977 Gorg.

242 1983 335 2098 quitor
348 1997 467 2047 pugnam
481 1982 712 2038 administrarent,
726 1995 788 2030 cum
839 1981 864 2041 ἓ.
879 1979 934 2029 132.
947 1979 1071 2057 9²²33²⁰⁵
1084 1974 1224 2059 (μέγιστος
1236 1970 1389 2043 εὐεργέτης

255 2050 352 2099 ortiter
362 2048 403 2099 illi
413 2046 789 2115 pugnarentadeoqueGrae·
840 2040 911 2111 παρ’
924 2038 987 2113 ίμολ
999 2046 1200 2112 αναγεγραψη)
1216 2061 1233 2095 a
1247 2048 1295 2096 Gr.
1309 2049 1387 2097 exei-

244 2130 292 2165 cas
305 2121 439 2180 caperent
450 2132 548 2167 naves:
568 2115 639 2181 qnod
653 2115 699 2179 qui
713 2115 788 2164 iece-

243 2188 319 2239 runt,
343 2198 435 2232 eorum
457 2185 568 2233 nemius
585 2182 734 2249 prudenter
751 2184 788 2230 si·

242 2249 328 2300 lentio
345 2252 447 2315 pressit
463 2252 574 2311 Noster,
601 2251 701 2316 quippe
723 2265 787 2299 eon·

242 2319 360 2383 temptui
384 2325 431 2369 aut
455 2318 587 2369 obliuioni
612 2318 786 2379 traditorum3

242 2386 309 2435 duos
321 2391 426 2436 tantum
440 2391 583 2449 memorat,
602 2400 669 2451 quos
686 2385 720 2435 ob
734 2385 787 2434 Ior-

242 2453 368 2503 titudinis
386 2452 539 2520 specimiua
556 2453 682 2503 exhibIta
696 2452 787 2517 splen·

242 2520 303 2570 dide
321 2536 368 2570 rex
386 2529 575 2572 remuneratus
593 2524 648 2582 est,
671 2520 787 2570 alterum

242 2589 316 2638 Sami
342 2591 512 2640 constituens
536 2594 693 2653 tyrannum,
720 2587 787 2637 alte-

241 2671 299 2706 rum
312 2659 393 2708 terris
410 2658 514 2708 donans
526 2657 723 2722 orosangisque
739 2654 786 2704 ad-

241 2725 379 2774 scribens:
399 2741 451 2790 que
461 2726 570 2775 nomine
584 2725 613 2784 ii,
626 2726 671 2790 qui
681 2726 713 2773 de
724 2737 786 2786 repe

241 2792 302 2841 bene
314 2800 467 2852 meruerant,
480 2785 511 2843 οί
519 2784 665 2856 εὖεργέταί
676 2788 728 2841 τοῦ
737 2788 786 2856 βα-

241 2852 344 2919 σιλέος,
364 2864 395 2908 ut
412 2875 473 2910 mox
489 2861 587 2909 Noster
607 2860 659 2921 ait,
683 2856 786 2923 signifi·

242 2932 353 2975 cantur:
377 2926 473 2977 horum
491 2928 519 2976 in
536 2942 660 2987 numero,
680 2927 784 2991 opinor,

241 2992 295 3041 fuit
307 3008 413 3058 qnoque
427 2994 532 3058 Syloso,
546 2994 591 3058 qui
605 2994 639 3043 ad
652 2995 726 3058 regis
738 3008 786 3057 pa-

241 3060 337 3137 latium
351 3060 422 3111 Susa
434 3062 571 3111 accedens
590 3052 646 3126 ἔφη
659 3061 785 3124 Δαρείου

241 3122 390 3193 ενεργίτης
403 3120 489 3189 εἶναι,
503 3133 574 3178 teste
585 3128 723 3178 Herodoto
735 3129 784 3186 III,

242 3193 304 3253 140,
318 3196 365 3244 ubi
378 3197 433 3248 vid.
447 3202 515 3246 nott.
551 3196 584 3245 In
596 3190 700 3245 Lexico
714 3196 785 3244 Ithe-

240 3263 328 3311 torico
351 3262 398 3325 (ad
416 3265 522 3314 calcem
540 3264 633 3313 Photii
653 3280 718 3329 pag.
735 3261 786 3313 674

241 3330 283 3381 ed.
296 3331 408 3382 Porsen.
424 3337 452 3382 et
468 3333 496 3382 in
506 3330 605 3382 Meieri
623 3331 718 3396 Progr.
729 3331 785 3380 Hs-

239 3398 309 3451 lens.
325 3398 390 3451 1843
405 3396 612 3467 [Fragmentum
627 3398 711 3448 lexici
724 3397 786 3447 rhe-

239 3467 319 3515 torici
332 3467 435 3517 editum
449 3474 503 3518 etc.
533 3484 559 3532 p.
571 3467 689 3516 XXVIII
702 3466 785 3531 seq.):

239 3526 393 3598 δροσάγγαι
409 3529 463 3601 μὲν
484 3551 499 3586 ο
534 3526 784 3599 σωματοφύλα-

239 3614 311 3663 κες,
325 3603 407 3666 Inque
420 3604 606 3652 testimonium
616 3602 662 3652 bic
671 3603 731 3668 ipse
745 3602 786 3651 ai·

241 3668 329 3717 fertur
341 3668 475 3720 Herodoti
492 3670 576 3721 loeus.
611 3671 651 3720 Ac
668 3671 741 3719 tales
758 3670 786 3719 in

240 3738 423 3787 monumentis
449 3738 666 3802 Persepolitanis
696 3738 786 3787 adhinc

238 3803 785 3939 illititli²i¹dt1¹¹³¹¹t¹ttllll

238 3951 296 3986 rum
316 3937 412 4003 lingua
433 3940 521 3990 dictos
541 3890 733 4005 erenp'vel,
757 3946 788 3989 nt

240 4005 312 4053 idem
330 4007 373 4055 vir
390 4008 488 4058 doctus
505 4008 582 4071 (ibid.
607 4008 675 4057 cxl.
695 4024 721 4072 p.
740 4007 783 4071 ab)

240 4071 346 4135 scribit,
361 4075 523 4141 serenasse,
541 4077 561 4124 i.
574 4091 598 4125 e.
611 4078 669 4125 solii
680 4078 784 4133 decoro,

239 4144 271 4188 ut
288 4139 359 4190 idem
381 4143 587 4210 interpretatur.
624 4143 786 4193 Boetticber

240 4209 267 4256 in
281 4207 371 4259 Arieis
387 4228 451 4277 pag.
465 4213 498 4261 24
518 4211 599 4261 affert
615 4226 711 4260 vocem
728 4228 785 4260 oru-

839 2120 923 2165 tatus.
953 2116 1076 2180 Namque
1094 2115 1211 2164 elucente
1224 2113 1349 2164 Sluitoro
1360 2115 1388 2164 in

839 2184 931 2232 Leett.
949 2182 1098 2232 Andocidd.
1117 2199 1143 2248 p.
1162 2181 1210 2231 201
1230 2181 1294 2247 (quo
1314 2182 1388 2232 bene

838 2251 925 2300 utitur
937 2251 1022 2300 Rose:
1042 2250 1179 2314 Inscriptt.
1191 2249 1307 2300 Graece.
1321 2266 1386 2315 pag.

842 2316 887 2366 181
911 2317 968 2367 alia
990 2318 1126 2382 quaedam
1147 2317 1307 2381 adiiciens),
1337 2319 1388 2369 boc
1470 2318 1471 2323 ’

839 2385 951 2435 verbum
972 2386 1084 2450 proprie
1106 2386 1139 2435 de
1159 2386 1194 2435 iis
1216 2385 1299 2435 rebus
1317 2385 1388 2436 dici·

839 2458 896 2513 tur,
915 2468 987 2519 quae
1005 2453 1175 2503 sollemniter
1190 2453 1389 2504 describuntur
1470 2504 1471 2513 ,

840 2524 868 2569 et
881 2521 909 2570 in
921 2520 1032 2571 tabulas
1050 2522 1215 2572 referuntur.
1227 2548 1263 2556 —-
1279 2522 1389 2573 Nomen
1470 2520 1471 2529 ’

840 2582 1037 2654 Θεομήστορος
1050 2589 1121 2639 idem
1135 2590 1194 2639 iere
1204 2595 1298 2651 sonat,
1315 2590 1389 2655 quod

839 2656 1006 2706 adiectirum
1025 2649 1207 2723 θεομήστωρ,
1229 2672 1282 2721 quo
1298 2659 1389 2707 utitur

837 2723 990 2787 Aeschylus
1002 2725 1079 2775 Pers.
1091 2723 1143 2774 669
1159 2730 1221 2789 (ματ
1238 2726 1289 2775 diis
1300 2728 1386 2776 eonsi-
1469 2720 1470 2729 ’

837 2792 951 2853 liariter),
970 2791 1115 2842 confictum
1133 2808 1167 2842 ex
1179 2792 1330 2843 Homerico
1344 2793 1386 2843 lli.

836 2859 889 2921 Vl,
909 2858 966 2909 366.
1008 2861 1084 2911 Idem
1106 2875 1205 2911 nornen
1230 2876 1264 2910 ex
1288 2861 1387 2912 inseri·

837 2927 929 2991 ptioue
939 2927 1048 2978 Graeca
1059 2929 1114 2994 (ap.
1123 2928 1205 2993 Spou.
1212 2928 1292 2978 Misc.
1300 2930 1385 2979 Erud.

836 2998 899 3044 Ant.
912 3011 976 3060 pag.
990 2994 1050 3060 368)
1064 2997 1170 3062 profert
1181 2994 1339 3047 Blomfield.
1352 2996 1387 3046 ed

836 3063 968 3126 Aeschyli
981 3063 1071 3113 locum
1083 3063 1234 3113 laridatum.
1248 3090 1282 3098 -
1298 3063 1386 3116 τοῦδε

838 3123 871 3179 δὲ
892 3131 992 3196 scripsi
1013 3147 1063 3196 pro
1085 3131 1158 3196 vulg.
1181 3129 1234 3180 rosi
1254 3126 1303 3194 δίς
1329 3133 1385 3184 rid.

837 3202 905 3248 nott
920 3199 955 3247 ad
967 3199 1019 3262 111,
1031 3199 1073 3249 43.

865 3259 1103 3330 καταστησάντων
1111 3261 1320 3333 recusarem]
1330 3269 1349 3317 i.
1360 3284 1385 3319 s.

837 3349 890 3383 cura
904 3335 1001 3384 Persae
1017 3350 1070 3384 ενοι
1086 3335 1276 3385 constituissent
1293 3342 1385 3397 tyran·

837 3417 906 3461 arira,
925 3417 948 3451 s.
966 3418 983 3451 α
999 3403 1088 3452 Persis
1105 3403 1263 3453 constitutus.
1301 3402 1384 3454 Conf.

837 3474 906 3519 nott.
932 3470 967 3518 ad
990 3470 1055 3532 VII,
1077 3469 1124 3519 105
1148 3474 1176 3518 el
1193 3469 1248 3518 vid
1268 3469 1384 3532 1x‚u⁰.

837 3536 938 3586 Persas
962 3539 989 3586 in
1014 3538 1182 3587 Graecorum
1208 3538 1383 3599 civitatibus,

838 3606 970 3667 quaesibi
981 3606 1167 3667 subiecerant,
1176 3609 1310 3669 tyrannos
1321 3622 1385 3656 eon·

837 3673 953 3722 stituere
971 3674 1148 3724 consuevisse
1166 3675 1221 3722 iam
1235 3673 1271 3722 ad
1284 3673 1338 3737 IV,
1350 3671 1386 3723 08

838 3745 866 3789 et
881 3738 927 3791 137
941 3741 1101 3791 monuimus.

995 3910 1062 3960 Car.
1079 3910 1228 3961 LXXXVI.

871 4002 1043 4077 ἐκεραΐζετο]
1074 4010 1176 4129 Atggit
1198 4012 1326 4066 Eustath.
1348 4013 1384 4064 sd

837 4078 880 4129 Ili.
898 4096 924 4144 p.
938 4077 998 4137 364,
1012 4080 1045 4127 25)
1062 4094 1084 4128 s.
1097 4080 1112 4129 4
1165 4084 1250 4143 εχει,
1267 4096 1384 4132 monens

836 4142 981 4209 κεραΐζεικ
990 4147 1155 4212 simpliciter
1163 4149 1229 4212 poni
1239 4147 1384 4214 μεοφθεί·
1466 4156 1467 4175 ³

837 4228 907 4277 ρειν.
949 4214 1015 4265 Inde
1033 4213 1116 4281 vulgo
1139 4216 1270 4266 reddunt:
1292 4219 1383 4281 periit.

234 4271 325 4343 ρολεα.
361 4280 439 4340 Quod
453 4286 544 4329 autem
557 4277 696 4342 Phylaeus
709 4269 785 4344 εάερ-
837 4282 981 4332 [evadendi
994 4298 1027 4332 ac
1040 4283 1105 4333 dein
1118 4285 1258 4349 diripiendi
1268 4286 1383 4334 notione

239 4335 466 4411 γὲτηεβατιλίος
489 4338 693 4412 α’νεγροὶφη,
725 4363 785 4413 pro·
838 4349 889 4400 hoc
906 4350 1020 4400 verbum
1037 4352 1155 4415 postium
1169 4353 1324 4403 invenimus
1337 4366 1383 4401 sn·
