2984 5154
215 414 235 475 2
654 402 919 465 HERODOTI

215 585 273 669 τῆς
289 582 448 668 ναυτικῆς
467 577 594 661 ἐόντες,
613 575 847 668 συνεπλήρουν
864 592 950 645 τοῖσι
965 571 1171 663 Ἀθηναίοισι
1189 570 1248 654 τας
1264 577 1354 654 νέας·

216 692 394 774 Κορίνθιοι
413 679 710 771 stresenhoven
727 682 804 759 νέας
821 685 1034 769 παρείχοντο,
1060 678 1231 769 Μεγαρέες
1257 677 1294 745 di
1313 686 1355 744 ελ-

216 805 303 855 κοσι·
323 787 378 855 καὶ
394 786 573 863 Χαλκιδέες
591 780 758 873 ἐπλήρουν
776 791 897 867 εἴκοσι,
913 776 1102 867 Ἀθηναίων
1120 799 1180 867 σφι
1198 775 1355 868 παρεχόν-

216 985 250 1034 de
272 1000 325 1049 quo
348 983 428 1049 plura
449 983 572 1047 disputat
587 980 710 1031 V.oemel
733 982 761 1030 in

216 1058 418 1117 programmate
432 1051 609 1101 Francofurti
622 1051 655 1098 ad
669 1050 759 1099 Μοοιι.

217 1121 290 1170 οιλίλο
310 1135 373 1169 ιιιιιι.
392 1117 572 1167 tttrtccun
584 1134 648 1183 pag
665 1116 704 1165 1‘2.
722 1114 759 1177 l3,

216 1202 286 1252 quae
299 1187 421 1251 repetita
433 1186 577 1250 leguntur
570 1201 598 1234 ιιι
608 1186 680 1234 Edit.
691 1180 767 1233 Con·

215 1258 319 1305 tionum
346 1254 552 1315 Demosthenis,
582 1268 653 1318 quae
680 1252 761 1301 lialis

217 1324 353 1373 Saxonum
370 1322 473 1386 prodiit
485 1336 548 1370 ann.
561 1320 760 1371 muccttuutt

216 1407 280 1457 pag
299 1389 346 1439 801
369 1395 397 1439 et
413 1404 472 1454 seq.
508 1388 548 1437 Ad
561 1386 727 1451 Aeschyli]
741 1386 759 1435 l.

216 1463 355 1525 spectant,
369 1459 471 1522 quael.
474 1457 544 1507 eahe
558 1456 657 1505 affert
650 1472 678 1504 m
690 1454 761 1504 libro

216 1527 250 1575 de
272 1526 359 1575 deruis
377 1526 476 1574 Atticis
493 1541 557 1589 pag.
583 1522 631 1573 130
652 1540 667 1572 e
689 1538 760 1572 vers.

216 1595 363 1643 Westerm.
393 1594 433 1643 Ae
446 1593 563 1656 (leuique
578 1592 695 1640 forsitan
707 1590 760 1639 bne

216 1674 323 1741 quoqne
346 1661 443 1709 referri
465 1665 592 1724 pessunt,
621 1674 691 1722 quae
716 1674 760 1706 ex·

216 1730 315 1778 stant'
308 1744 337 1777 ιιι
354 1728 502 1778 Scholiis
496 1744 523 1777 ιιι
539 1698 652 1776 Arilttid.
671 1726 760 1774 Oratt.

215 1813 241 1860 p.
255 1792 289 1844 53
302 1796 345 1845 cd
357 1795 502 1876 Froprmel:
519 1780 593 1872 ήσριν
605 1787 659 1869 γᾴρ
671 1785 761 1869 [τριή-

216 1862 286 1928 ρεις]
312 1862 368 1912 τοῖν
389 1877 442 1944 pen
464 1851 537 1912 ολων
551 1853 696 1940 Ελλήνων
719 1852 761 1924 ργ’

217 1929 245 1995 [ἰ.
254 1947 276 1979 e.
288 1929 353 1995 tet]
368 1923 508 1994 uidesne
520 1924 627 1986 πόλεως
641 1925 690 1989 σξσ
703 1925 760 1991 [vel

214 1996 352 2061 potinsog
353 1998 399 2047 si.
412 2014 437 2047 e.
451 1994 521 2060 233]
552 1998 630 2057 Quae
646 1996 760 2044 sumita

215 2067 284 2125 sint
304 2065 432 2114 excursari
448 2065 493 2112 vix
510 2064 612 2128 poterit
623 2064 729 2112 lsoerat
719 2070 761 2112 tes

216 2135 243 2182 in
261 2134 399 2196 Panegyr.
418 2132 443 2191 ξ,
460 2128 494 2180 30
514 2136 652 2195 sesapr'nte
674 2145 760 2179 naves

216 2201 250 2250 ad
273 2200 450 2249 Artemisium
474 2197 655 2265 complevisse
676 2197 761 2247 Athe-

215 2269 325 2317 nienses
337 2267 470 2326 scribens,
484 2265 565 2315 nimis
576 2265 761 2315 Athenienses

214 2334 347 2385 laudandi
359 2334 448 2384 studio
462 2335 601 2399 abreptus,
615 2333 760 2398 quodcum

215 2409 270 2452 tarn
294 2403 390 2467 paucis
413 2402 532 2451 navibus
562 2401 613 2450 toti
641 2400 759 2450 hostium

215 2470 299 2519 classi
316 2470 426 2519 obviam
449 2470 557 2519 iverint.
598 2469 630 2517 Iu
650 2469 758 2518 rmirer-

214 2553 272 2587 sum
286 2539 394 2587 navium
406 2537 578 2586 multitudine
589 2535 703 2600 reliquis
714 2553 760 2585 an-

214 2606 362 2656 tecessisse
380 2604 564 2653 Athenienses
582 2602 678 2653 scribit
695 2604 760 2652 Plu-

214 2673 302 2723 tareh.
312 2671 522 2722 Themistocli.
535 2688 599 2735 pag.
609 2671 664 2720 lib.
679 2671 757 2720 Cani.

214 2757 320 2806 quoque
346 2739 514 2789 Dahlmann.
537 2739 669 2787 llerodot.
694 2754 757 2803 pag.

239 2866 445 2954 συνεπλήρουν
474 2875 547 2923 τοῖσι
581 2861 758 2937 Ἀθηναίοισι

213 2936 264 3000 τὰς
277 2936 378 3006 νέας]
371 2959 388 2989 ι.
401 2957 425 2990 e.
437 2957 487 2989 αιια
498 2956 552 2988 erim
563 2941 759 2991 Atheniensibus

213 3010 289 3059 husee
319 3023 395 3059 nares
429 3012 489 3057 ιιιιλιλ
461 3008 545 3056 λιλιλιιιο
574 3010 757 3067 instruxerunt,

214 3078 285 3125 nive:
304 3076 383 3126 hac'
376 3092 404 3124 ιιι
423 3092 450 3125 rc
465 3090 570 3139 qnoque
583 3092 663 3139 opem
675 3076 758 3125 Athe·

214 3144 354 3194 niensibus
364 3143 757 3208 praestiterastelataeenses,

213 3214 287 3263 vires
300 3212 467 3275 praebentes
480 3211 515 3260 ad
527 3226 613 3259 naves
627 3211 661 3260 ab
674 3211 757 3261 Athe-

213 3280 355 3329 niensibus
374 3279 513 3328 exhibitas
529 3293 611 3327 manu
627 3294 757 3329 neeessa-

214 3349 255 3395 ria
274 3347 305 3411 (s.
324 3348 496 3411 remigums.
515 3347 757 3411 propugnatorum)

213 3416 269 3465 inst
259 3414 398 3464 t.ruendas
434 3414 558 3478 Namque
579 3412 708 3494 πληροῦν
730 3420 758 3463 et

213 3474 365 3546 πλήρωμα,
384 3497 455 3546 quae
473 3481 559 3530 verba
575 3482 686 3547 saepius
700 3484 756 3562 qui-

212 3550 275 3599 dem
287 3549 321 3598 de
338 3556 422 3599 neritis
439 3549 619 3599 serentibus
636 3550 713 3614 (qui
705 3551 757 3615 rgi-

209 3620 256 3666 λιιι
269 3617 317 3666 alii
330 3622 394 3667 suut
407 3621 436 3665 at
438 3633 488 3681 que
499 3609 529 3667 οἱ
537 3553 681 3696 asperet,
694 3634 757 3681 pre·

210 3693 380 3748 ριιριιιιλονιε,
392 3687 482 3734 nrilites
494 3686 632 3741 classiarii,
648 3691 705 3733 nt
690 3686 757 3734 tidi-

213 3768 272 3801 mns
289 3752 325 3801 ad
341 3752 408 3811 Vll,
425 3751 499 3814 tlt)
492 3752 695 3815 intelliguntur,
722 3754 757 3802 ad

211 3825 339 3884 utrosque
357 3837 370 3868 e
375 3820 441 3870 tiam
459 3819 575 3869 subinde
597 3821 695 3869 referri
714 3836 756 3870 so-

212 3888 283 3948 lent,
310 3890 350 3936 ita
368 3887 440 3936 uth.
460 3887 477 3937 l.
497 3881 706 3952 συνεπλήρουν,
726 3895 757 3938 ut

212 3972 273 4004 mox
278 3925 441 4020 ἐπλήρουν,
458 3955 492 4004 de
505 3956 756 4019 propugnatoribus

212 4037 299 4087 aeque
313 4039 346 4071 ae
360 4024 394 4071 de
403 4023 553 4088 remigibus
562 4022 754 4088 intellexerim,

212 4090 436 4170 quemadmodum
459 4091 537 4147 Vlss,
561 4089 602 4141 43.
628 4093 661 4139 45
684 4061 754 4156 nirp',

212 4174 291 4222 ριομα
304 4158 418 4222 deipsis
436 4158 554 4208 navibus
567 4160 622 4207 unit
634 4176 694 4209 eum
708 4160 753 4209 λιο-

211 4226 343 4285 minibus,
374 4226 472 4289 qnihus
500 4228 653 4276 instructae
682 4235 753 4277 sunt.

211 4293 249 4343 (λλ
268 4264 361 4343 Lexih.
376 4293 519 4357 lolybiau.
531 4310 584 4343 s..v
597 4292 624 4360 [p
608 4310 670 4362 p.sg
684 4294 754 4360 483],

211 4361 282 4426 quod
302 4360 401 4411 laudat
416 4346 694 4428 Schweighaeuserus
713 4379 754 4413 re-

814 984 858 1028 ete
883 983 979 1028 contra
1004 977 1171 1027 Gronovium
1200 973 1257 1040 (qni
1285 975 1356 1025 solos

812 1051 1029 1111 propugnatores
1052 1045 1098 1093 hic
1122 1044 1242 1108 intelligi
1264 1043 1355 1093 volue-

812 1116 866 1177 rat)
877 1128 998 1175 monens,
1009 1113 1200 1169 Plataeenses,
1213 1110 1279 1160 lieet
1289 1112 1356 1161 mari

813 1182 922 1231 adsueti
933 1196 989 1230 non
1003 1180 1118 1242 inerint,
1131 1180 1204 1228 haud
1218 1195 1302 1244 aegre
1315 1184 1355 1227 ts·

813 1265 874 1299 men
888 1266 980 1299 eorum
988 1247 1141 1307 nonnullos,
1155 1262 1262 1311 quaque
1272 1248 1300 1295 in
1310 1248 1356 1296 At·

813 1319 870 1368 tica
882 1332 952 1367 nave
971 1316 1119 1381 remigibus
1131 1315 1232 1364 Atticis
1248 1316 1355 1377 mixtos,

812 1386 908 1434 utilem
924 1385 979 1435 hae
996 1386 1082 1434 etiam
1103 1384 1130 1432 in
1148 1388 1228 1448 parte
1245 1397 1355 1447 operam

813 1459 955 1519 praestare
967 1453 1097 1518 potuisse.
1127 1452 1282 1500 Memorant
1294 1450 1355 1499 Pla·

813 1529 941 1570 taeenses
965 1519 1180 1569 Atheniensibus
1210 1521 1238 1567 in
1268 1523 1356 1566 certa-

813 1590 886 1637 mine
904 1587 998 1638 navali
1017 1603 1095 1652 opem
1110 1590 1284 1652 praestantes
1302 1586 1355 1634 De-

813 1657 1006 1705 mosthenesc.
1021 1657 1120 1704 Neaer
1134 1671 1161 1719 p
1175 1652 1224 1702 740
1237 1652 1275 1718 [p
1292 1653 1355 1703 1377

812 1740 887 1789 seqq.
901 1720 943 1787 3.]
963 1729 991 1772 et
1003 1724 1158 1772 Pausanias
1176 1722 1228 1783 IX,
1249 1722 1270 1770 l.
1288 1722 1312 1781 ᾖ.
1330 1722 1355 1782 2,

812 1807 879 1856 qnos
893 1790 973 1839 affert
984 1790 1195 1839 Valckenarius.

844 1857 1001 1921 Κορίνθιοι
1020 1852 1052 1908 δὲ
1070 1850 1275 1923 τεσσεράκοντα
1290 1850 1356 1914 νέας

812 1924 996 1991 παρείχοντο]
1022 1926 1148 1989 intelligi
1172 1926 1237 1974 hine
1255 1930 1354 2004 potest,

813 1996 956 2045 Corinthios
979 1994 1098 2043 caeteris
1121 1994 1248 2047 Graecis.
1272 1993 1295 2040 si
1319 1993 1354 2040 ab

811 2062 873 2110 unis
882 2062 1097 2111 Atheniensibus
1109 2061 1250 2117 discedas,
1264 2059 1354 2108 subito

813 2130 847 2178 ad
866 2134 972 2178 tantam
989 2144 1074 2178 rernm
1092 2129 1233 2178 navalium
1249 2128 1355 2192 copiam

812 2200 932 2257 evectis,
953 2212 1014 2245 euru
1031 2197 1128 2261 paucis
1146 2201 1212 2247 ante
1228 2197 1308 2245 annis
1321 2194 1356 2244 ab

811 2266 879 2328 ipsis
898 2264 1047 2314 Corinthiis
1064 2280 1150 2314 naves
1172 2265 1290 2313 mutuari
1312 2279 1356 2311 eo-

811 2334 869 2381 acti
888 2336 995 2393 essent,
1014 2337 1085 2381 teste
1099 2332 1239 2381 Herodoto
1252 2332 1304 2391 Vl,
1323 2330 1358 2379 33

811 2400 874 2449 cell.
885 2399 1037 2462 Thucydid.
1051 2402 1073 2459 1,
1085 2401 1126 2461 Al,
1140 2399 1314 2464 praestitisse
1328 2414 1356 2447 re

810 2467 914 2518 navali.
957 2466 1114 2516 Corinthios
1137 2469 1259 2531 proxime
1283 2468 1358 2515 exei-

811 2537 889 2600 piunt
902 2537 1056 2599 Arpineius,
1076 2550 1143 2599 qnos
1160 2541 1266 2585 mature
1285 2535 1359 2583 inter

812 2603 934 2652 Graecos
953 2619 982 2652 re
1004 2603 1099 2653 navali
1121 2602 1268 2652 eminuisse
1292 2618 1357 2650 corr-

810 2675 874 2719 stat.
902 2666 964 2720 Vid.
978 2671 1057 2720 modo
1069 2671 1204 2720 Herodoti
1215 2671 1292 2719 locos
1305 2671 1356 2731 ΙΙΙ,

810 2737 851 2788 53.
875 2737 918 2786 [tn.
944 2738 999 2788 133.
1027 2738 1080 2798 IV,
1106 2738 1162 2787 152.
1188 2739 1225 2796 V,
1248 2738 1290 2790 st.
1313 2736 1356 2787 33.

809 2806 856 2864 Vl,
871 2804 904 2855 43
917 2806 1009 2869 ibique
1023 2806 1119 2856 allata.
1148 2806 1316 2871 Megarenses
1330 2810 1359 2853 et

812 2875 996 2932 Chalcidenses,
1009 2874 1106 2937 quibus
1115 2874 1299 2924 Athenienses
1309 2889 1358 2922 aa·

810 2957 859 2991 ves
879 2941 1046 3005 praebuere,
1064 2942 1109 2991 vix
1133 2942 1290 2991 incensum
1310 2957 1356 2991 ve·

810 3010 869 3058 nire
894 3015 1013 3074 possunt.
1051 3010 1111 3070 Quo
1136 3010 1224 3074 magis
1248 3010 1358 3059 mireris

808 3078 935 3136 Lacones,
948 3077 1133 3141 principatum
1144 3076 1280 3126 Graeciae
1289 3083 1358 3127 tnnc

807 3147 939 3209 temporis
961 3145 1131 3205 obtinentes,
1157 3145 1252 3194 decem
1276 3145 1358 3195 modo

809 3227 894 3262 naves
914 3212 1095 3278 complevisse
1115 3229 1149 3262 ac
1167 3213 1288 3262 sedecim
1306 3228 1357 3262 na-

808 3280 887 3329 vibus
898 3281 932 3330 ad
942 3279 1110 3330 Salaminem
1120 3279 1357 3345 pugnasse(VlIl‚

808 3346 863 3412 43),
881 3348 923 3397 Ad
935 3354 1127 3414 paupertatem
1138 3349 1262 3398 civitatis
1272 3348 1358 3414 Spar·

809 3420 901 3476 tanae,
915 3417 1013 3481 opibus
1027 3416 1061 3466 ad
1073 3432 1160 3466 naves
1172 3418 1359 3466 exstruendas

809 3485 975 3533 necessariis
988 3484 1151 3545 destitutae,
1165 3484 1271 3534 reseras
1286 3484 1361 3535 lieet

810 3567 869 3599 eum
884 3552 916 3602 G.
929 3552 1049 3601 Webero
1068 3553 1120 3613 (De
1134 3551 1241 3617 Gytheo
1258 3556 1286 3601 et
1298 3553 1358 3603 La-

810 3618 1048 3669 cedaemoniorum
1069 3618 1146 3669 rebb.
1165 3620 1268 3670 navall.
1286 3620 1359 3669 Ilei-

809 3685 932 3751 delberg.
954 3685 1026 3737 1833
1043 3703 1107 3753 pag.
1125 3685 1168 3749 48)
1192 3692 1240 3738 aut
1262 3689 1361 3751 potius

809 3754 844 3802 ad
861 3754 1080 3834 Spartanprum¹
1074 3759 1225 3821 ingenium,
1249 3771 1316 3819 quos
1341 3773 1361 3805 a

808 3820 890 3870 bellis
900 3822 1047 3872 maritimis
1056 3822 1236 3872 abhorrentes
1246 3838 1360 3873 omnem

808 3889 844 3937 sd
861 3889 937 3940 bella
952 3891 1097 3939 terrestria
1114 3891 1284 3940 οοιιιειλίοιιο
1307 3907 1359 3941 cu-

807 3972 865 4006 rum
883 3958 1017 4007 novimus.
1054 3958 1107 4007 Sed
1125 3958 1211 4007 Attici
1228 3965 1289 4008 orat
1291 3975 1359 4009 ores

807 4024 871 4075 hinc
883 4026 1168 4077 marimeLaeonibus
1177 4026 1274 4075 decem
1283 4028 1360 4077 istas

807 4092 840 4143 ob
843 4094 968 4143 iecerunt
977 4109 1071 4155 naves,
1083 4109 1169 4159 eoque
1178 4095 1259 4143 simul
1267 4094 1360 4145 Athe—

806 4161 941 4211 niensium
954 4162 1047 4211 studia
1061 4164 1226 4212 extulerunt.
1244 4163 1360 4212 Monuit

806 4228 973 4279 Ιιιλολιοιιοι.
981 4230 1220 4280 landauslsoerst.
1227 4231 1283 4279 inl
1286 4247 1358 4281 ana-

807 4297 881 4346 then.
893 4315 919 4362 p.
932 4298 981 4346 242
993 4313 1049 4361 seq
1063 4296 1134 4365 [esp.
1149 4297 1244 4374 ltiseq
1257 4296 1358 4363 §.ffbtll

838 4355 998 4431 Ἀθηναίων
1020 4380 1071 4429 σφι
1088 4358 1282 4432 παρεχόντων]
1307 4367 1358 4416 Ita
