2866 5134
309 407 370 471 ιιι
756 402 1073 488 conmeantum

308 594 367 645 ger.
384 594 458 647 resp.
473 595 499 646 p.
517 576 613 633 78513.
628 593 686 646 cap.
703 579 735 643 33
749 575 861 647 quodsi
879 593 971 629 aarum
984 581 1035 643 est,
1051 575 1118 629 illud
1132 580 1201 628 carte
1212 591 1292 628 veram
1302 570 1381 625 essem

309 668 409 730 potest,
425 663 476 714 hoc
490 668 612 731 tempore
626 661 795 713 Herodotum
811 661 926 714 Athenis
941 662 1039 729 fuisse,
1055 661 1128 713 unde
1142 668 1260 732 quattuor
1270 666 1323 711 aute
1333 654 1382 707 ιιιίι

308 750 372 815 (444
398 763 423 799 a.
446 746 512 798 Chr.
536 746 579 812 n)
599 745 722 798 Thurios
746 745 820 799 illum
848 746 1013 799 discessisse
1041 745 1162 799 colonum
1185 743 1255 798 modo
1278 740 1383 813 posuimus

307 831 388 894 Quae
409 848 469 884 cum
489 832 528 883 ita
545 831 617 897 sint,
638 830 666 883 id
683 848 766 884 unum
780 830 843 884 mihi
858 830 923 883 inde
941 831 1002 883 iuro
1015 830 1107 898 colligi
1122 849 1199 901 posse
1217 828 1317 891 ridetur,
1328 825 1385 877 fleo

307 916 401 970 dotum
424 917 475 969 hoc
502 922 624 986 tempore
650 915 683 985 (i.
702 934 726 968 e.
743 934 815 968 anno
840 918 893 968 440
918 924 984 969 ante
999 915 1066 969 Chr.
1083 916 1127 983 n.)
1153 912 1267 985 Sophocli
1289 908 1386 963 hersin

307 1002 446 1069 cognitum
470 1001 558 1053 fuisse
579 1000 724 1071 ipsumque
748 1000 882 1054 Herodoti
912 1018 982 1069 opus
1004 1018 1037 1054 ex
1052 1009 1131 1070 parte
1146 1000 1245 1071 quidem
1265 998 1342 1067 poitae
1355 992 1387 1043 ias
1408 986 1409 1053 l

307 1086 472 1152 innotuisse,
491 1084 639 1156 siquidem
658 1086 732 1139 hicce
744 1104 798 1138 uon
816 1084 945 1138 salumin
961 1085 1111 1154 Antigona,
1127 1090 1263 1156 quassata
1279 1087 1315 1134 est
1324 1077 1385 1145 Olym·
1408 1080 1409 1111 l

306 1170 379 1240 piad.
405 1169 553 1239 LXXXIV,
580 1171 687 1225 aveto
714 1170 743 1240 (i.
762 1190 786 1224 e.
802 1173 851 1223 441
869 1169 912 1223 vel
928 1172 981 1223 440
1005 1177 1070 1223 anta
1094 1170 1159 1222 chr.
1180 1168 1228 1236 n),
1252 1165 1387 1220 Herodotum
1408 1232 1409 1235 Ἴ

306 1254 471 1308 sententiam
485 1255 658 1325 expressisse
676 1255 763 1309 videri
782 1262 875 1326 potest
889 1254 961 1327 (vid.
981 1254 1033 1323 ΙΙΙ,
1051 1259 1100 1309 119
1119 1255 1209 1325 ibique
1227 1256 1312 1322 now),
1327 1262 1388 1311 tert!
1408 1240 1409 1303 l

306 1341 386 1394 etiam
411 1340 472 1392 aliis
499 1340 704 1408 tragoediarum
728 1340 796 1393 locis
826 1338 1001 1393 Herodoteas
1028 1341 1195 1407 sententias,
1209 1355 1282 1390 voces
1298 1335 1409 1404 ipsoque,

305 1425 440 1478 dictiones
465 1425 625 1478 adhibuisse
651 1426 774 1479 videtur:
800 1426 834 1478 de
859 1442 913 1494 qua
928 1442 958 1477 re
974 1424 1030 1477 vid¹
1049 1426 1082 1478 C.
1099 1426 1148 1479 Fr.
1164 1424 1298 1477 Hemann.
1311 1416 1355 1469 Vol
1366 1414 1387 1464 ll·

304 1529 332 1581 p.
358 1513 408 1563 707
436 1528 496 1580 seq.
515 1510 559 1563 ed.
575 1518 664 1563 nostr.
691 1517 720 1563 et
741 1516 810 1562 nott.
832 1510 867 1561 ad
885 1511 907 1577 1,
929 1513 954 1561 2.
971 1511 1015 1564 32.
1039 1510 1077 1577 ΙΙ,
1098 1512 1143 1564 35.
1163 1509 1212 1575 ΙΙΙ,
1235 1509 1287 1561 llll.
1307 1500 1389 1565 Villi·

305 1611 465 1666 quamquam
480 1596 588 1648 mutius
602 1595 653 1647 hac
667 1611 779 1665 quoque
793 1595 822 1647 in
837 1612 868 1647 re
882 1595 1018 1663 agendum
1033 1594 1100 1660 erit,
1116 1593 1223 1666 quando
1241 1591 1341 1643 videmus
1350 1602 1389 1636 seo·

304 1680 429 1747 tentias,¹
446 1697 517 1750 quae
533 1679 645 1750 utrique
670 1680 801 1749 scriptori
814 1696 969 1732 communes
984 1685 1066 1748 sunt,
1082 1679 1155 1750 apud
1167 1679 1232 1731 alios
1246 1689 1339 1748 quoque
1349 1667 1386 1722 sal·
1408 1680 1409 1683 ’

304 1772 399 1837 ptores
428 1765 545 1834 reperiri
571 1765 696 1836 adeoque
722 1764 871 1832 celebrari3
896 1766 924 1817 in
946 1763 1065 1833 siugulis
1086 1764 1201 1818 vocibus
1220 1759 1387 1824 dictionibtsqtt
1408 1798 1409 1813 ι

304 1857 388 1921 atque
415 1849 524 1903 omnino
550 1849 578 1902 in
596 1867 648 1903 usu
674 1851 820 1904 verborum
841 1849 925 1903 multa
944 1849 1064 1902 inveniri
1085 1850 1197 1919 utrique
1216 1838 1388 1915 scriptorium

304 1936 371 1989 adeo
391 1942 422 1988 ut
433 1935 502 1987 alter
517 1933 651 1988 exaltato
668 1935 739 1988 haud
755 1953 819 1988 raro
832 1934 967 1988 illustrari
981 1934 1086 2003 possit,
1112 1935 1225 2005 saepius
1238 1933 1265 1985 in
1278 1928 1337 1982 uotis
1347 1921 1390 1976 ioli·

304 2021 435 2074 cavimus.
463 2020 563 2091 Neque
578 2038 644 2073 vero
661 2019 743 2073 ullum
759 2021 833 2072 aliud
848 2018 997 2088 vestigium
1012 2019 1145 2073 amicitiae
1168 2019 1227 2072 sive
1241 2006 1390 2070 imitatatio

303 2123 374 2177 quae
391 2105 466 2157 iuter
487 2104 645 2157 historicum
670 2113 699 2158 et
723 2106 830 2175 poetam
852 2104 1057 2171 intercesserit,
1088 2110 1194 2157 exstat:
1215 2120 1293 2174 quare
1310 2090 1390 2169 quaele

303 2190 445 2244 Herodoto
465 2190 569 2242 arctius
591 2205 651 2241 cum
674 2189 810 2260 Sophocle
830 2190 939 2256 iuncto,
955 2188 1072 2242 Athenis
1087 2196 1266 2243 commorante
1282 2175 1389 2238 eruendo

303 2275 419 2329 consilia
438 2274 466 2326 in
484 2272 627 2344 republica
641 2274 856 2329 administranda
877 2274 1025 2327 adiuvante
1052 2291 1127 2327 none
1145 2274 1316 2345 proferuntur
1330 2269 1356 2335 (t.
1368 2260 1386 2310 ›l-

303 2359 599 2428 Schoe11280phoctes.
616 2359 682 2412 Sein
689 2358 783 2413 Leben
801 2377 827 2412 u.
843 2358 959 2411 Wirken
973 2376 1000 2428 p.
1019 2362 1069 2413 123
1085 2377 1167 2429 seqq.
1189 2358 1248 2411 coll.
1263 2341 1383 2406 Witsstltlt

301 2447 330 2499 in
350 2445 463 2499 Jahrbb.
480 2446 500 2497 f.
516 2443 651 2513 Philolog.
666 2443 764 2498 XLIX.
786 2464 813 2515 p.
830 2447 881 2498 255
897 2445 980 2513 seq),
997 2445 1166 2497 coniecturis
1182 2442 1272 2514 potius
1285 2443 1381 2510 quanti·

302 2532 339 2583 tis
356 2539 479 2584 veterum
496 2529 661 2582 testimoniis
678 2530 821 2583 nituntur:
836 2529 864 2582 id
877 2544 960 2580 unum
974 2529 1064 2594 „satis
1079 2537 1209 2582 constare
1224 2526 1322 2580 videtur
1332 2513 1386 2587 (ttl'

302 2624 390 2683 „suut
401 2615 434 2667 C.
446 2616 491 2668 Fr.
498 2614 648 2668 Hermanni
665 2614 682 2666 l.
691 2613 709 2668 l.
717 2634 745 2685 p.
753 2614 828 2682 706),
843 2612 1013 2666 Herodotum
1026 2621 1054 2666 et
1062 2613 1225 2683 Sophoclem
1239 2628 1288 2664 non
1300 2600 1388 2659 acubili

302 2707 427 2768 „tantum
442 2717 596 2769 suppares,
611 2700 660 2752 sed
677 2700 758 2753 etiam
771 2698 845 2753 inter
862 2717 893 2751 se
907 2707 989 2751 notos
1005 2698 1131 2767 adeoque
1146 2692 1325 2752 familiaritatis
1335 2687 1391 2752 aliqu

302 2784 432 2852 „vinctdo
460 2784 570 2837 iunctos
596 2785 726 2837 fuisse:“
751 2784 824 2855 quod
851 2784 941 2853 ipsum
964 2800 1019 2853 quo
1041 2784 1102 2837 iure
1126 2791 1211 2853 neget
1225 2781 1299 2834 Mure
1311 2762 1390 2827 llil·

302 2887 365 2939 pag.
382 2871 442 2935 273,
456 2868 527 2921 haud
539 2869 672 2939 intelligo.
689 2869 769 2922 Hauc
783 2869 870 2937 igitur
880 2868 1023 2921 amicitiam
1035 2868 1095 2921 sive
1110 2868 1312 2921 familiaritatem
1326 2854 1390 2912 errim-
1408 2900 1409 2907 1

302 2972 356 3023 que
372 2954 425 3006 viri
443 2953 568 3022 equidem
586 2955 757 3007 referendam
773 2961 840 3023 puto
861 2953 895 3005 ad
916 2970 948 3006 ea
961 2960 1098 3023 tempora,
1116 2954 1221 3024 quibus
1238 2934 1392 3003 Herronesi

301 3038 448 3090 itineribus
463 3056 513 3107 per
528 3038 618 3091 Asiam
634 3040 714 3091 factis
730 3038 817 3092 redux
835 3038 956 3091 Athenas
973 3038 1071 3091 invisit
1085 3039 1182 3109 ibique
1198 3036 1350 3090 commorat„
1359 3026 1389 3071 431

301 3130 446 3193 antequem
461 3122 584 3176 'l'hurios
599 3125 838 3194 proficisceretur,
862 3122 889 3175 id
906 3130 966 3191 est,
989 3130 1052 3176 ante
1067 3140 1171 3177 annum
1186 3128 1236 3177 444
1251 3124 1308 3172 aute
1319 3112 1360 3163 Ch.
1370 3120 1388 3151 ¹¹·

300 3209 357 3272 Qui
378 3208 449 3261 enim
469 3215 583 3277 propter
606 3226 711 3261 carmen
733 3208 875 3261 Herodoto
896 3226 912 3259 a
931 3206 1066 3277 Sophocle
1089 3209 1269 3279 compositum
1292 3212 1342 3254 auae
1356 3190 1409 3285 ill,

299 3302 364 3347 ante
381 3293 447 3347 Chr.
469 3312 496 3345 n.
520 3293 554 3346 ad
575 3294 647 3347 hunc
671 3294 761 3364 ipsum
782 3310 883 3345 annum
905 3292 1051 3363 utriusque
1074 3292 1128 3346 viri
1151 3292 1290 3347 amicitiam
1302 3280 1392 3365 referatis

301 3397 417 3433 necessa
434 3386 478 3432 est
493 3384 626 3445 statuant,
644 3380 694 3430 hoc
709 3380 771 3449 ipso
786 3396 858 3431 anno
875 3378 1055 3446 Herodotum,
1072 3378 1120 3447 qui
1132 3384 1268 3448 quattuor
1281 3376 1332 3424 ants
1341 3369 1393 3414 „ou
1408 3378 1409 3389 ¹

299 3465 423 3518 Thurios
436 3464 616 3527 discesserat,
642 3463 756 3516 Thuriis
772 3463 863 3516 denuo
884 3462 938 3516 iter
951 3463 1051 3516 iecisse
1068 3463 1193 3517 Athenas
1211 3462 1298 3530 ibique
1310 3452 1393 3519 1114141

299 3550 388 3618 tisper
411 3548 587 3617 substitisse3
613 3549 686 3619 quod
709 3565 767 3601 com
788 3548 878 3618 ipsum
900 3566 951 3617 per
978 3566 1009 3601 se
1034 3564 1131 3618 parnm
1155 3544 1281 3601 credibile
1299 3537 1392 3591 videtu·

300 3634 406 3687 accedit
429 3633 558 3699 alterum,
585 3634 659 3703 quod
684 3633 832 3703 propylaea
858 3640 915 3685 tum
930 3633 1025 3686 videre
1043 3634 1150 3686 Noster
1166 3650 1221 3686 non
1242 3625 1332 3700 potuit,
1351 3624 1394 3685 ‘ln‘

300 3720 374 3771 intra
394 3735 482 3771 annos
502 3720 555 3771 438
577 3726 605 3770 et
619 3721 668 3773 431
691 3725 832 3771 exstructa
853 3734 913 3770 cum
933 3717 1034 3771 viderit
1051 3716 1122 3783 (vid.
1140 3718 1174 3787 V,
1190 3721 1224 3770 77
1239 3714 1321 3781 ibique
1331 3694 1409 3787 neoth,

299 3804 388 3855 satius
401 3811 474 3855 certe
490 3803 543 3855 erit
556 3809 688 3870 statuere,
704 3802 874 3856 Herodotum
891 3809 957 3873 post
969 3819 1068 3855 annum
1083 3806 1135 3857 437
1145 3797 1176 3869 *)
1197 3800 1309 3854 Athenas
1327 3791 1395 3843 11441·
1408 3794 1409 3819 ¹

299 3887 446 3953 invisisse,
465 3887 564 3940 itinere
579 3889 651 3940 facto
673 3907 706 3942 ex
722 3887 817 3955 taha3
844 3905 934 3958 neque
950 3887 1013 3941 inde
1028 3887 1056 3939 in
1073 3904 1170 3940 eorum
1185 3893 1285 3956 partem
1297 3877 1409 3959 dt'tttssii¹

300 4074 349 4132 est,
370 4069 511 4119 molestias
530 4068 704 4123 evitaturum.
741 4070 785 4133 At,
805 4071 831 4121 ai
849 4069 913 4135 quid
931 4068 1021 4128 video,
1040 4068 1123 4136 louge
1143 4074 1229 4119 antea
1245 4064 1349 4115 Athenas
1362 3998 1410 4098 isui

298 4138 397 4188 Noster
420 4137 567 4201 inviserat,
591 4138 662 4188 unde
684 4138 774 4189 tribus
797 4142 863 4189 ante
887 4139 968 4188 annis
991 4136 1107 4188 Thurios
1129 4134 1304 4187 discesserat:
1324 4094 1409 4185 det¹¹⁰l

298 4207 358 4256 sine
369 4205 527 4256 causamihi
539 4205 665 4256 dubitare
675 4205 917 4256 videturBoeelrh:
933 4207 987 4255 Zur
992 4205 1128 4269 Antigone
1138 4204 1165 4255 d.
1173 4197 1296 4269 Sophocl.
1304 4206 1354 4261 ΡΨ
1362 4179 1409 4233 llll

318 4342 325 4354 ι
365 4270 392 4339 *l
410 4273 596 4353 Amphipolin,
621 4289 692 4338 quae
705 4289 776 4355 anuo
788 4273 845 4355 437·
857 4290 881 4324 a.
901 4273 965 4323 Chr.
978 4273 1091 4353 condita
1109 4281 1166 4331 est,
1184 4272 1282 4321 Noster
1292 4260 1398 4344 iwfssfi

297 4341 422 4403 videtum
441 4340 519 4391 nulle
546 4357 645 4407 quippe
673 4346 774 4391 notrtru
800 4342 880 4393 hurus
907 4341 1033 4392 coloniae
1058 4340 1093 4389 ed
1110 4338 1277 4389 Herodotum
1301 4315 1409 4393 11111111,

299 4416 511 4460 commorantem
528 4411 675 4461 devenisse
694 4410 811 4461 videtur.
849 4408 891 4463 Cf.
911 4409 972 4468 VII,
994 4408 1041 4457 114
1059 4408 1152 4473 ibique
1172 4409 1242 4456 nott.
1408 4400 1409 4467 l
