2952 5156
270 392 331 455 126
411 370 414 379 “
704 381 972 445 nunonorr

266 554 488 647 ἀνεκρούοντο
510 558 565 625 καλ
589 552 735 624 ὤκελλον
757 550 815 633 τὰς
837 555 930 640 νέας,
952 548 1115 640 Ἀμεινίης
1139 551 1175 620 δὲ
1198 548 1410 639 Παλληνεύς,

267 656 353 749 ἀνὴρ
375 655 567 745 Ἀθηναῖος,
594 657 785 744 ἐξαναχθεὶς
812 660 869 741 νηῒ
896 651 1058 741 ἐμβάλλει.
1103 660 1352 741 συμπλακείσης
1371 652 1411 721 δὲ

266 764 324 847 της
347 757 423 840 υεός
446 761 501 828 καὶ
525 755 566 828 οὐ
591 758 790 846 δυναμένων
813 751 1060 842 ἀπαλλαγῆναι,
1083 750 1171 823 οὕτω
1196 751 1235 840 δη
1260 758 1295 821 ολ
1315 751 1411 823 ἄλλοι

265 858 411 950 Ἀμεινίῃ
434 862 633 949 βοηθέοντες
655 861 864 947 συνέμισγον.
898 853 1069 944 Ἀθηναῖοι
1092 855 1154 944 μὲν
1170 850 1258 924 οὕτω
1276 857 1413 941 λέγουσι

266 1025 387 1076 Βασιλεῖ.
411 1025 446 1075 εδ
469 1025 566 1074 Horat.
584 1022 671 1088 Epod.
691 1022 743 1082 lx,
763 1019 810 1070 20:
864 1025 894 1069 ut
910 1019 1113 1084 Wessslingins
1128 1016 1250 1071 afferens
1271 1017 1349 1069 locos
1366 1035 1414 1084 ge·

268 1109 338 1157 quae
360 1091 454 1142 attulit
469 1092 651 1152 Valckenar„
674 1091 721 1155 qui
741 1089 813 1153 quod
863 1089 951 1138 minos
962 1087 1029 1137 Euri
1050 1087 1104 1139 idis
1121 1087 1222 1153 (Iphig.
1238 1087 1270 1137 Τ.
1287 1085 1363 1150 lars)
1384 1094 1413 1136 st

267 1160 403 1210 Herodoti
420 1161 448 1209 in
465 1159 525 1211 loco
540 1150 587 1209 ἐπὶ
598 1159 700 1207 mutari
712 1158 771 1207 vult
784 1158 811 1205 in
862 1155 997 1206 Nicandri
1015 1104 1170 1216 (ἐλεήσας.
1183 1152 1244 1218 295)
1257 1154 1362 1203 reddit:
1382 1157 1413 1204 li·

269 1222 325 1285 ἐτι,
344 1228 415 1293 quod
433 1228 521 1292 ipsum
538 1226 621 1292 paulo
636 1229 698 1290 post
710 1224 813 1289 legitur
863 1231 903 1272 tus
926 1238 1014 1273 versus
1037 1238 1136 1272 cursum
1156 1222 1296 1286 flexerunt.
1331 1220 1413 1271 Alias

268 1297 443 1361 (quamquam
461 1295 541 1344 huius
559 1294 614 1344 loci
633 1294 689 1343 alia
702 1305 813 1372 prorsus
864 1281 991 1345 duillers
1008 1289 1099 1343 valet:
1118 1305 1195 1341 auses
1212 1292 1239 1339 ιἰι
1254 1297 1352 1339 terram
1368 1292 1413 1338 ιἰιι-

268 1364 365 1425 ratio),
385 1378 445 1412 curn
458 1362 540 1438 vulgo
553 1362 661 1411 dicatur
677 1376 730 1425 την
742 1375 811 1423 κρυ-
861 1362 983 1424 perpere,
1007 1360 1113 1415 eiicere,
1138 1373 1190 1422 quo
1210 1372 1293 1407 sensu
1311 1358 1414 1407 Noster

267 1446 344 1495 μνην
372 1420 604 1494 οἷνακροοεσθαι,
635 1427 815 1493 praetervidit

268 1499 376 1563 opinor,
397 1499 468 1562 quod
486 1497 538 1547 hoc
556 1498 645 1562 ipsum
663 1495 814 1560 epleuiore

267 1566 407 1616 locutione
437 1556 483 1615 ἐνιλ
508 1558 561 1630 τὴν
584 1556 719 1628 πρύμνην
742 1552 812 1611 αἰνα-

267 1626 426 1697 ascodrobos
443 1637 530 1682 ortum
550 1636 578 1681 et
590 1632 761 1681 decurtatum
774 1631 814 1679 vi-

268 1701 328 1751 deri
346 1706 440 1765 queat,
466 1706 497 1749 ut
518 1700 659 1749 existimat
676 1697 814 1763 Schweig-

267 1768 428 1818 haeuserus.
463 1768 500 1817 Et
517 1781 680 1831 quamquem
697 1765 814 1831 plerum-

269 1851 319 1900 que
331 1836 433 1885 dieitur
441 1827 576 1900 scripsere
585 1827 813 1895 ἀνακρούεσθαι,

268 1905 370 1954 omissa
398 1903 604 1968 praepositione
633 1892 693 1959 ἐπὶ,
721 1906 814 1950 temen

268 1972 438 2035 praepositio
452 1962 513 2031 ἐπὶ,
527 1985 608 2034 quem
620 1969 671 2018 hoc
685 1968 746 2017 loco
759 1983 814 2017 om-

268 2053 318 2087 nes
339 2042 450 2087 tuentur
470 2037 536 2086 libri
557 2038 654 2101 scripti
676 2037 731 2085 unii
753 2050 813 2084 cum

268 2104 354 2155 Suida
366 2103 385 2153 I.
399 2104 428 2165 l.‚
442 2104 506 2153 addi
519 2119 625 2167 quoque
638 2103 761 2167 potuisse
773 2103 815 2152 vi·

269 2172 356 2234 detur,
370 2172 394 2220 si
406 2171 515 2235 quidem
527 2174 555 2220 in
565 2170 683 2220 Scholiis
697 2170 732 2220 ad
741 2170 813 2219 Thu·

269 2238 330 2303 cyd.
343 2239 371 2301 Ι,
385 2238 420 2287 bil
436 2239 576 2288 invenitur
593 2230 650 2289 ἐειλ
666 2232 728 2302 τήν
740 2233 811 2299 πρυ·

268 2321 344 2371 μνην
366 2306 547 2372 κακηλανεῖν
565 2306 600 2355 ad
619 2306 813 2385 explicandam

268 2374 436 2425 locutionem
446 2366 580 2439 πρύμναν
589 2372 758 2437 κρουεσθαι,
771 2378 812 2422 at·

270 2456 321 2506 qus
340 2431 354 2492 ἐ
359 2437 397 2491 πὶ
414 2434 493 2491 κόδα
504 2433 667 2507 οἱναχσιρεῖν
681 2441 709 2490 in
721 2441 813 2490 Xeno·

268 2509 364 2574 phont.
381 2510 502 2560 Anabas.
522 2510 558 2569 V,
577 2510 606 2571 2,
626 2509 672 2572 32,
691 2508 739 2557 uhi
757 2508 813 2557 vid.

267 2579 403 2643 Krueger.
426 2577 607 2627 Recentiores
620 2578 738 2628 editores
750 2575 814 2625 iude

269 2661 287 2694 a
299 2645 428 2696 Bekkero
441 2646 521 2707 uncis
533 2644 669 2695 inclusam
682 2643 813 2694 exhibue-

268 2718 331 2762 runt
341 2703 525 2778 Ialtenquam
534 2728 631 2762 vocem
640 2715 813 2776 suspectam

268 2780 340 2830 Eltz.
360 2779 487 2844 (Jahrbb.
506 2780 552 2829 fiir
563 2780 700 2844 Philolog.
718 2778 813 2843 Suppl.

268 2847 316 2925 IX.
329 2845 468 2923 papilii)
487 2847 607 2897 coniecit
620 2840 667 2898 ἐκλ
679 2838 814 2911 πρύμνην

268 2911 429 2979 ανέκρσυον
457 2928 500 2975 τε,
536 2915 573 2964 ad
602 2916 724 2965 activum
751 2930 812 2965 rer·

268 2983 332 3032 bum
344 2973 518 3045 ἀνακρούειν
531 2982 690 3048 intelligens
701 2972 814 3043 κοέκαςς

269 3050 339 3113 quod
363 3049 410 3100 vel
433 3050 522 3098 minus
542 3049 667 3114 placebit
688 3050 813 3100 couside-

269 3117 356 3180 rauti,
380 3117 498 3167 medium
522 3117 635 3168 verbum
656 3109 814 3181 ἀνακρούε-

269 3183 341 3234 σθαι
359 3185 412 3234 hae
430 3186 460 3233 in
478 3184 595 3235 formula
613 3201 722 3251 sempor
736 3185 812 3234 adhi-

269 3253 339 3303 beri.
369 3252 518 3317 Equidem,
532 3253 634 3317 siquid
647 3253 813 3315 mutandum,

270 3311 317 3370 ἐπὶ
330 3320 423 3371 malim
440 3326 545 3371 mutare
564 3321 591 3370 in
604 3313 657 3386 τὴν
673 3319 718 3371 vel
736 3335 814 3385 prae·

268 3389 432 3453 positionem
445 3388 555 3439 insolite
573 3390 692 3454 positam
704 3403 814 3454 prorsus

270 3457 401 3516 abiicere,
414 3472 503 3522 quam,
518 3458 565 3522 qui
576 3457 648 3507 hunc
658 3457 748 3507 locum
760 3456 815 3505 Hs-

269 3524 359 3573 rodoti
376 3525 508 3573 excitavit
525 3530 553 3575 et
571 3525 706 3590 explicuit
718 3523 814 3573 Gram-

269 3592 387 3641 maticus
410 3593 439 3641 iu
456 3593 632 3642 Baehmanni
648 3591 771 3643 Anecdd.
790 3591 812 3640 1.

267 3674 295 3724 p.
320 3656 384 3721 238,
413 3660 442 3708 iu
465 3674 513 3709 suo
539 3660 689 3725 exemplari
712 3659 814 3725 legisse

269 3727 343 3776 haud
370 3727 492 3806 videtum
522 3727 619 3777 scribit
648 3728 734 3806 euirp:
766 3717 814 3777 ἐκλ

268 3789 404 3859 ποίμνην
419 3787 612 3860 ανεκροίονιο
629 3792 679 3845 καὶ
690 3794 814 3845 σικελλον

268 3856 320 3919 τὰς
342 3861 428 3927 νῆας·
452 3860 525 3912 κατὰ
549 3856 683 3927 πρύμναν
698 3852 760 3928 ,sins
779 3854 813 3911 rd-

270 3945 340 3994 ρονν
361 3926 411 3980 καὶ
428 3920 494 3995 mill
512 3922 734 3994 ἐπιστραφέντες
758 3878 814 3991 ἐξέ-

269 3999 371 4076 κλιναν
382 3990 434 4056 τὰς
447 3990 582 4057 ἐπιούσας
599 3996 656 4048 τῶν
669 3996 814 4063 πολεμίων

269 4080 348 4124 νανς.

302 4130 353 4184 καλ
369 4122 492 4185 ὤκελλον
508 4126 560 4194 τὰς
577 4127 657 4199 νίας]
677 4134 695 4184 i.
709 4149 733 4183 e.
751 4150 813 4198 pro·

266 4203 326 4267 pius
337 4208 424 4253 terroe
436 4202 601 4253 amovebant
610 4217 696 4264 naues,
707 4202 736 4251 in
745 4217 812 4268 pup-

269 4271 326 4336 pim
343 4270 404 4321 scil.
423 4271 583 4335 remIgando
606 4271 694 4336 magis
713 4270 812 4335 magir-

269 4354 322 4406 que
340 4343 431 4390 terrae
450 4338 720 4404 appropinquabant,
742 4339 810 4400 sire,

865 1426 936 1475 dixit
953 1418 1116 1479 ἐποκέλλειν
1138 1429 1167 1474 et
1182 1414 1343 1487 ἐξοκέλλειν
1360 1424 1412 1487 VI,

867 1492 910 1542 16.
921 1494 981 1550 vn,
996 1492 1058 1556 182,
1072 1494 1119 1543 ubi
1132 1493 1168 1542 cf.
1183 1498 1251 1542 nott.

906 1550 1043 1626 Ἀμεινίης
1067 1554 1100 1610 δέ
1123 1550 1305 1625 Παλληνεὺς]
1335 1560 1414 1610 Idem
1470 1576 1471 1593 ι

864 1627 1003 1690 v111‚93.
1043 1627 1122 1744 Apud
1140 1628 1213 1677 Plut.
1232 1628 1414 1678 Themistocl.
1470 1644 1471 1651 ¹

868 1696 898 1771 li
911 1695 956 1747 fin.
968 1712 1033 1776 pag.
1046 1695 1057 1745 l
1077 1694 1133 1745 91).
1146 1699 1262 1745 vocatur
1271 1684 1414 1759 Ἀμεινίας

866 1764 1045 1824 οΔεκελευς,
1060 1778 1139 1828 quem
1153 1763 1268 1813 eundem
1280 1762 1415 1826 Aeschyli

865 1831 979 1881 fratrem
988 1831 1116 1897 perhibet
1125 1830 1292 1892 Diodorxl,
1303 1830 1338 1879 27
1348 1830 1413 1881 coll.

868 1897 899 1948 18
911 1898 956 1949 fin.
976 1899 1056 1951 Unde
1067 1899 1205 1949 Aminiam
1214 1898 1347 1962 Aeschyli
1355 1898 1415 1948 sra-

866 1971 935 2016 trem
958 1972 1041 2018 vocat
1064 1970 1161 2016 auctor
1184 1967 1261 2017 ritae
1280 1965 1415 2030 Aeschyli

866 2034 986 2099 itemque
999 2034 1099 2084 Suidas
1110 2049 1133 2083 s.
1145 2049 1172 2082 r.
1191 2033 1266 2099 (pag.
1280 2033 1340 2083 117,
1354 2032 1414 2082 125.

865 2101 934 2151 Vitt.
959 2102 1074 2153 Graeco.
1092 2101 1204 2165 Scriptt.
1227 2101 1270 2150 ed.
1287 2102 1414 2153 Westsr·
1470 2128 1471 2153 r

865 2168 968 2233 mann).
998 2171 1021 2218 λ
1031 2184 1085 2234 quo
1097 2174 1192 2217 tumen
1203 2169 1314 2218 Amisia
1326 2167 1352 2217 is
1364 2171 1416 2234 qui

864 2235 916 2286 hoc
929 2236 989 2286 loco
1002 2235 1130 2286 laudetur
1138 2236 1265 2286 Aminios
1275 2237 1415 2289 Pallenes·

864 2306 901 2353 sis
924 2304 949 2366 (e
973 2303 1052 2355 demo
1070 2303 1202 2365 Pellene,
1226 2304 1260 2353 de
1283 2318 1337 2369 qno
1355 2303 1417 2357 sid.

865 2371 966 2421 Herod.
981 2372 1006 2433 I,
1020 2370 1054 2423 6⁶2
1071 2372 1166 2436 ibique
1184 2370 1266 2437 nott.)
1284 2372 1415 2422 dlversus

865 2438 986 2499 videtur,
1004 2454 1066 2489 cum
1084 2439 1120 2489 ad
1136 2438 1346 2490 Pallenensium
1362 2436 1416 2505 ds}-

865 2520 920 2572 μον
943 2506 1076 2570 Aeschyli
1098 2521 1168 2571 gens
1191 2507 1302 2556 minime
1326 2509 1415 2571 perti-

865 2574 965 2624 nuerit.
1001 2574 1155 2638 Aeschylus
1171 2574 1230 2640 ipse
1248 2573 1300 2624 hoc
1313 2576 1416 2626 fratris

866 2642 983 2704 lacinus,
997 2642 1068 2706 quod
1081 2648 1193 2695 enarrat
1202 2642 1341 2693 Diodorus
1352 2642 1373 2695 l.
1384 2642 1414 2704 1.‚

864 2714 962 2759 tacens
978 2711 1093 2761 Persam
1114 2710 1193 2760 modo
1212 2710 1353 2760 dicentem
1371 2711 1416 2763 fa·

866 2778 905 2826 cit
922 2777 1009 2856 (Pcrs.
1026 2776 1087 2840 409)
1104 2764 1192 2843 ἦρξεν
1208 2768 1331 2843 ἐμβολῆς
1351 2770 1415 2829 Ἑλ·

865 2845 967 2909 ληνικη
985 2842 1072 2909 ναῦς,
1095 2845 1144 2895 ubi
1161 2850 1240 2896 vetus
1256 2845 1416 2896 scholiasta

865 2913 1026 2977 Lycomeden
1043 2912 1196 2964 Aeschrsei
1213 2912 1300 2963 filium
1317 2919 1415 2975 uocat,

866 2981 913 3044 qui
930 2982 960 3029 in
971 2981 1120 3031 Artemisia
1137 2997 1231 3046 pugna
1247 2982 1353 3046 primus
1365 2997 1414 3033 ua·

865 3064 926 3099 vem
950 3049 1092 3099 Persicam
1116 3051 1225 3115 cepisse
1250 3049 1353 3099 dicitur
1377 3050 1414 3099 ab

865 3115 1004 3166 Herodoto
1022 3116 1105 3178 VIII,
1128 3116 1167 3167 ll.

900 3174 1084 3250 ἐξαναχθεὶς]
1115 3185 1134 3234 i.
1159 3201 1183 3234 e.
1208 3186 1307 3250 longius
1330 3183 1414 3251 (prae

866 3253 987 3302 caeteris
1005 3267 1039 3302 ex
1056 3251 1130 3316 acie)
1146 3259 1255 3303 evectus.
1291 3252 1336 3303 CI.
1353 3254 1413 3311 VII,

867 3318 923 3369 1921„
964 3320 1042 3381 Quae
1065 3327 1216 3385 sequuntur
1237 3320 1413 3385 συμπλακεί-

866 3400 917 3452 σης
928 3385 980 3452 τῆς
997 3380 1062 3445 νεὸς
1078 3387 1187 3438 valent:
1209 3404 1264 3439 curs
1281 3391 1355 3439 amia
1367 3392 1411 3439 ιἰιι-

862 3458 955 3519 pliotta
978 3471 1000 3505 s.
1018 3457 1129 3520 ι’νιμσελα
1150 3458 1244 3507 rostris
1263 3456 1413 3506 muamus
1470 3454 1471 3459 ’

865 3525 942 3573 alteri
958 3526 1023 3573 naci.
1059 3523 1146 3574 Paulo
1164 3523 1247 3573 aliter
1265 3524 1339 3574 idem
1352 3539 1412 3575 ver·

865 3590 929 3640 bum
942 3591 996 3653 111,
1010 3590 1052 3640 78.
1080 3592 1161 3652 Quod
1173 3591 1295 3642 additur:
1314 3588 1365 3643 καλ
1377 3581 1414 3642 ori

866 3652 1035 3723 δυναμένων
1046 3651 1263 3725 αἰιαλλαηῆναι,
1280 3659 1351 3711 licet
1363 3675 1412 3709 sn-

864 3727 977 3777 tecedat
989 3719 1062 3791 νεὸς,
1075 3728 1117 3777 sic
1129 3727 1251 3792 ponitur,
1265 3733 1297 3777 ut
1309 3727 1412 3778 intelli-

864 3800 965 3859 gantur
982 3796 1017 3858 ii,
1040 3795 1088 3860 qui
1105 3796 1133 3845 in
1150 3797 1217 3845 navi
1234 3797 1349 3845 inerant
1363 3811 1411 3845 ae·

865 3877 917 3926 que
935 3877 1035 3912 navem
1058 3862 1140 3913 alteri
1163 3862 1330 3928 implicitam
1346 3863 1410 3913 inde

865 3929 998 3981 divellere
1016 3931 1124 3995 ipsique
1141 3931 1183 3983 sie
1201 3931 1319 3981 liberari
1335 3936 1411 3996 pots·

865 4004 935 4049 rant.
943 4025 974 4034 —
984 3999 1016 4047 In
1024 4013 1101 4063 seqq.
1110 3998 1146 4049 sd
1158 3997 1245 4049 verba
1257 3991 1332 4051 satri
1344 3990 1411 4055 roric

864 4059 1006 4123 Αἰακίδας
1029 4067 1103 4116 conl.
1121 4081 1206 4131 supra
1222 4082 1285 4131 cap.
1302 4064 1337 4117 83
1357 4065 1411 4115 ibi·

864 4139 999 4198 quenott.

896 4190 1042 4268 Ἀθηναῖοι
1063 4194 1117 4268 μὲν
1139 4191 1213 4254 οὕτω
1229 4194 1344 4282 λέγων
1359 4203 1412 4270 ”IS
1470 4258 1471 4271 ,

864 4269 1026 4335 ναυμαχίης
1055 4264 1193 4335 γενέσθαι
1221 4287 1277 4338 την
1305 4263 1411 4338 ἀρχὴν]

862 4338 1035 4389 Describitur
1052 4339 1116 4390 inde
1133 4354 1228 4405 pugna
1245 4341 1356 4395 navalis
1371 4340 1411 4391 ad
1470 4342 1471 4403 ζ
