2866 5134
311 381 369 440 DE
391 376 496 441 VITA
519 380 576 438 ΕΤ
599 378 792 439 SCRIPTIS
812 376 1047 437 HERODOTI.
1185 386 1246 447 437

105 551 252 621 aequales3
270 552 319 602 sed
331 568 402 621 quae
414 549 484 603 falsa
494 551 527 602 ab
542 552 680 604 Hecataeo
696 550 796 603 reterri
808 550 928 617 viderat,
944 568 975 603 ea
991 551 1025 601 ob
1040 568 1176 620 magnam,
1192 571 1246 624 qua

103 638 237 691 floruisse
258 636 387 689 videntur
401 635 531 689 Hecataei
553 636 671 705 scripta,
694 635 882 688 auctoritatem
900 635 1038 703 corrigere
1054 645 1082 688 et
1102 638 1245 692 emendare

104 739 165 775 cum
188 721 322 774 voluisset
339 721 453 786 Noster,
470 721 532 772 hinc
549 720 577 772 ni
592 721 671 773 fallor
686 720 883 790 explicandum,
901 720 974 791 quod
993 720 1035 772 bic
1051 721 1104 773 illic
1119 724 1245 776 acerbius

103 808 272 859 Hecataeum
292 805 429 873 tetigerit:
451 805 504 857 uisi
526 806 605 858 etiam
627 806 759 875 privatam
780 805 914 877 quandam
930 805 989 858 sire
1004 805 1169 860 inimicitiam
1185 810 1244 861 sive

104 891 311 945 aemulationem
334 890 406 942 inter
431 897 577 961 utrumque
603 890 796 943 intercessisse
821 898 919 959 putes,
940 889 974 942 de
995 907 1050 960 qua
1068 898 1156 945 tamen
1179 893 1245 945 nibil

104 977 253 1047 quidquam
269 975 375 1044 uspiam
388 974 518 1026 traditum
535 975 635 1045 reperi.

635 1164 661 1225 S.
677 1164 704 1215 9.

186 1316 273 1367 Hisce
295 1313 465 1382 argumentis
484 1318 640 1382 permotus,
664 1313 833 1364 Herodotum
849 1330 882 1365 ex
896 1312 1011 1365 aliorum
1026 1313 1085 1366 sive
1100 1314 1243 1369 historico·

97 1419 161 1455 rum
182 1399 244 1452 sire
261 1398 504 1469 logograplrorum‚
529 1397 625 1467 quoles
646 1408 702 1449 tum
718 1398 812 1464 luere,
834 1397 945 1467 scriptis
971 1397 1043 1449 haud
1068 1416 1134 1451 sane
1160 1402 1243 1454 multu

95 1485 230 1539 hausisse
253 1483 381 1536 arbitror.
416 1483 477 1535 Nec
499 1488 605 1534 tantum
626 1483 743 1534 tribuam
762 1481 821 1534 loco
844 1482 866 1548 Ι,
885 1485 895 1535 t
917 1479 1057 1552 (Περσέων
1070 1481 1120 1552 μέν
1137 1503 1190 1538 νυν
1211 1484 1245 1540 oi

93 1565 223 1638 λόγιοι
244 1571 377 1629 Φοίνικας
393 1564 497 1629 αἰτίους
518 1565 604 1636 φασὶ
625 1564 756 1635 γενέσθαι
776 1586 802 1620 κ.
820 1586 844 1620 r.
860 1565 906 1638 1.),
934 1576 1064 1637 quantum
1081 1569 1166 1621 tribui
1185 1570 1243 1623 vult

92 1655 252 1709 Dablmann
266 1653 284 1705 Ι.
294 1653 312 1705 l.
328 1673 354 1723 p.
371 1654 428 1705 108.
451 1651 743 1723 NamqueHerodotus
754 1659 785 1703 ut
799 1650 871 1717 alibi,
885 1667 910 1703 v.
923 1669 947 1703 c.
962 1652 988 1703 in
1004 1652 1086 1705 rebus
1098 1652 1241 1723 Aegyptiis

93 1740 257 1809 Aegyptios
271 1737 439 1804 sacerdotes,
455 1736 493 1788 ita
507 1737 532 1788 b.
550 1736 567 1788 l.
582 1736 729 1789 Persarum
743 1736 818 1788 viros
834 1736 929 1787 doctos
946 1736 1006 1788 sive
1023 1737 1121 1805 Magos
1139 1737 1241 1807 laudat,

94 1826 203 1896 quibus
222 1824 292 1876 hanc
311 1822 494 1875 narrationem
511 1821 619 1873 debeat.
652 1821 713 1873 Nec
729 1821 814 1888 magis
832 1820 952 1889 scriptos
974 1822 1066 1875 fontes
1089 1840 1241 1890 agnoscere

97 1926 213 1980 possum
230 1909 267 1976 ll,
287 1910 345 1972 100,
368 1907 415 1959 ubi
436 1906 634 1976 Aegyptiorum
654 1907 813 1959 sacerdotes
833 1922 927 1971 regum
950 1906 1058 1958 nomina
1078 1926 1092 1959 e
1114 1906 1183 1959 libro
1199 1909 1239 1961 di-

95 2002 202 2048 cuntur
220 1993 352 2046 recitasse
374 1992 529 2059 Herodoto,
551 1991 599 2061 qui
615 1991 699 2060 ipsam
715 1990 911 2059 Aegyptiorum
931 1989 1050 2058 linguam
1068 1991 1138 2044 haud
1154 1993 1240 2061 norit,

93 2080 203 2150 quique
225 2077 358 2147 triplicem
379 2093 447 2128 suae
473 2076 639 2128 narrationis
660 2076 762 2127 iontem
782 2075 842 2145 ipse
866 2074 947 2145 paulo
964 2082 1045 2128 antea
1062 2076 1099 2142 ΙΙ,
1119 2080 1153 2131 99
1168 2077 1238 2148 (vid.

94 2182 169 2235 quae
186 2168 214 2229 ς.
231 2166 258 2214 8.
274 2161 354 2214 initio
370 2160 563 2229 disseruimus)
585 2160 710 2213 indicans
729 2160 815 2212 libros
831 2160 950 2229 scriptos
969 2160 1064 2231 utique
1082 2161 1152 2213 haud
1168 2181 1238 2216 com-

94 2255 237 2306 memorat,
272 2246 376 2298 Eodem
394 2245 489 2311 modo,
510 2236 565 2316 quo
588 2245 611 2311 l,
629 2249 652 2309 1,
667 2244 769 2298 Persas
790 2251 876 2297 testes
892 2244 959 2296 citat
976 2245 998 2309 Ι,
1013 2248 1062 2312 115;
1085 2264 1136 2298 nec
1151 2254 1238 2300 tamen

94 2334 163 2388 inde
178 2331 319 2402 sequitur,
335 2331 438 2400 scripta
448 2329 595 2383 Persarum
610 2330 644 2382 de
660 2329 720 2381 suis
739 2330 823 2382 rebus
841 2328 978 2381 volumina
989 2329 1121 2383 Nostrum
1137 2332 1239 2385 adiisse

96 2428 126 2472 et
150 2416 336 2486 excerpsisse.
369 2415 423 2467 Sed
439 2431 510 2484 quae
532 2414 583 2479 Ill,
610 2416 644 2467 811
660 2413 693 2466 de
708 2413 895 2482 satrapiarum
917 2414 1102 2484 descriptione
1124 2422 1153 2467 et
1176 2417 1237 2481 Vll,

97 2506 134 2557 oo
147 2520 225 2571 seqq.
238 2501 273 2553 de
286 2500 385 2553 Xerxis
399 2499 521 2552 exercitu
537 2499 692 2568 perscribit,
710 2516 742 2552 ea
756 2502 779 2551 si
795 2516 849 2551 non
867 2498 964 2567 omnia,
981 2500 1015 2551 ed
1030 2516 1152 2567 magnum
1165 2508 1239 2553 certe

102 2594 206 2658 partem
219 2604 233 2638 e
247 2585 334 2653 regiis
350 2586 495 2637 Persarum
506 2583 660 2650 annalibus,
676 2583 710 2635 ad
725 2601 796 2653 quos
811 2583 940 2651 scriptori
954 2584 1044 2635 Asiam
1059 2584 1238 2653 perlustranti

103 2672 194 2724 editus
216 2671 351 2739 patuerit,
376 2671 474 2722 hausta
499 2686 562 2721 esse
583 2668 722 2721 videntur.
750 2667 812 2724 Vid.
835 2675 904 2720 nott.
920 2667 953 2721 ad
970 2669 1020 2720 hos
1036 2668 1111 2721 locos
1126 2669 1186 2722 Vol.
1202 2670 1239 2721 ΙΙ.

103 2776 129 2826 p.
155 2758 208 2809 170
226 2762 255 2808 et
280 2755 331 2806 ΙΙΙ.
348 2775 374 2825 p.
401 2757 449 2806 511
472 2772 542 2824 seq,
565 2770 597 2805 uc
614 2752 656 2805 vel
679 2753 825 2822 epublicis
843 2768 936 2820 regum
956 2754 1136 2806 monumentis
1152 2762 1180 2807 et
1197 2756 1239 2807 in-

101 2841 314 2910 scriptionibus,
337 2856 407 2909 ques
430 2840 518 2908 ipsum
542 2839 647 2891 vidisse
669 2846 696 2889 et
718 2836 894 2889 consuluisse
917 2837 1004 2890 videri
1022 2839 1073 2890 iarn
1091 2842 1239 2908 snpras'i

99 2927 217 2979 diximus
231 2926 281 2992 (cl.
299 2932 369 2976 nott.
381 2923 416 2976 ad
428 2924 479 2987 ΙΙΙ,
496 2926 530 2978 30
545 2933 573 2976 et
587 2921 667 2991 811*),
685 2922 809 2976 nonnihil
820 2923 925 2975 Noster
940 2923 1048 2975 trabere
1060 2923 1144 2991 inque
1159 2940 1238 2976 suum

98 3029 177 3065 usum
200 3016 365 3062 convertere
393 3008 490 3077 potuit.
523 3008 669 3061 Pertinent
696 3009 883 3079 hucquoque,
907 3024 978 3078 quae
1000 3008 1034 3061 de
1049 3008 1149 3061 itinere
1165 3008 1238 3061 Susa

95 3098 219 3150 ducente
231 3093 318 3147 tradit
332 3093 365 3160 V,
385 3097 428 3163 5⁶2,
449 3094 495 3146 ubi
518 3093 572 3146 rid.
591 3100 660 3145 nott.
679 3092 714 3148 Τ.
737 3092 789 3144 ΙΙΙ.
812 3111 839 3160 p.
855 3094 898 3145 51.
932 3094 964 3144 ln
982 3093 1100 3145 Graecia
1114 3104 1240 3165 exegetos

95 3202 119 3235 s.
136 3182 292 3252 periegetoe
306 3177 451 3231 consulere
466 3188 549 3249 etque
566 3196 613 3245 ea,
635 3195 705 3247 quae
723 3194 756 3230 ex
775 3178 868 3230 horum
890 3194 938 3230 ore
959 3184 1118 3248 acceperat,
1134 3180 1239 3231 referre

96 3268 203 3337 potuit:
220 3282 254 3317 ex
272 3264 321 3316 hoc
334 3265 411 3315 fonte
426 3263 542 3317 fluxisse
556 3263 686 3315 videntur
699 3260 821 3314 Prellero
837 3261 886 3330 (ad
900 3261 1039 3315 Polemon.
1055 3281 1082 3332 p.
1102 3265 1158 3317 165.
1176 3262 1238 3332 169)

97 3369 138 3418 eu,
160 3366 235 3424 quae
261 3349 294 3400 de
312 3348 451 3415 Delphicis
466 3348 589 3401 donariis
607 3348 756 3399 traduntur
778 3347 798 3412 l,
816 3349 857 3401 14.
873 3349 907 3399 ⁶20
931 3347 991 3414 (ubi
1008 3347 1073 3399 haec
1092 3345 1238 3414 leguntur:

95 3437 218 3504 Δελφῶν
238 3430 302 3491 οἶδα
318 3427 370 3502 ἐγὼ
388 3424 461 3486 οὕτω
481 3425 603 3495 ἀκούσας
623 3429 767 3498 γενέσθαι)
789 3435 831 3483 25,
853 3433 896 3483 51).
912 3434 956 3484 51.
986 3431 1062 3493 Quin
1079 3449 1094 3483 e
1110 3433 1237 3502 sopbr‘stu-

93 3541 157 3576 rum
179 3519 282 3573 scholis
303 3517 435 3589 quaedam
456 3518 488 3569 ad
511 3517 645 3570 Herodoti
663 3515 748 3568 libros
763 3515 909 3567 transiisse
925 3516 1087 3584 praesertim
1105 3516 1132 3567 in
1154 3534 1237 3585 quae-

93 3605 240 3660 stionibus
254 3604 289 3655 de
304 3602 455 3673 republica
470 3601 679 3669 constituenda,
696 3600 742 3652 illo
757 3607 880 3670 tempore
895 3600 1006 3653 marium
1019 3600 1148 3668 agitatis,
1165 3600 1237 3653 haud

93 3707 170 3743 rana
185 3691 219 3742 iit
232 3688 371 3758 suspici03
392 3688 448 3740 vid.
470 3688 545 3754 Vlll,
564 3690 622 3740 140.
645 3688 701 3752 §.l
724 3684 791 3756 ibiq.
816 3690 885 3738 nott.
902 3684 948 3750 ΙΙΙ,
967 3690 1009 3738 48.
1027 3684 1078 3752 ΙΙΙ,
1094 3688 1129 3737 80
1144 3685 1237 3755 ibique

94 3782 169 3829 nott.
181 3773 245 3828 Vol.
263 3774 300 3825 ΙΙ.
317 3792 343 3842 p.
358 3775 417 3825 152.
449 3773 510 3826 Nec
521 3772 584 3824 inde
596 3771 761 3837 mirabimur,
776 3769 881 3837 Persis,
897 3769 958 3822 aliis
971 3770 1102 3839 barbaris,
1120 3771 1237 3824 subinde

165 4037 192 4103 ²)
210 4040 285 4091 Hice
299 4044 374 4089 reete
387 4039 578 4105 pronuntiasse
590 4038 715 4088 existimo
728 4036 878 4102 Oppertum
895 4036 947 4099 (int
965 4035 1081 4087 Journal
1093 4036 1236 4100 Asiatique

93 4112 156 4161 Ser.
171 4109 220 4159 lv.
233 4109 311 4158 Tom.
325 4108 422 4157 XVIII.
437 4123 462 4172 p.
474 4106 533 4167 349)
548 4106 630 4156 haec:
651 4106 706 4168 „si
717 4105 898 4170 l’iueeription
912 4105 945 4154 de
959 4105 1108 4155 Bisoutoun
1122 4121 1156 4154 ne
1169 4120 1236 4153 nous

94 4176 251 4229 coristatait
264 4191 316 4240 que
328 4175 354 4225 le
367 4175 433 4236 fait,
449 4190 500 4239 quo
512 4174 539 4224 le
552 4172 618 4239 pbre
630 4174 663 4224 de
676 4173 820 4233 l’histoiro,
836 4174 943 4238 quoiqu'
957 4172 975 4221 il
990 4173 1030 4221 eit
1043 4169 1087 4221 dte
1100 4169 1236 4223 calomnid

95 4251 126 4295 et
137 4241 224 4294 truitd
237 4243 271 4293 de
283 4246 416 4304 menteur,
430 4248 473 4300 est
483 4241 635 4293 l'historien
647 4242 673 4292 le
683 4242 743 4307 plus
755 4239 865 4291 sincere
876 4246 903 4290 ot
914 4241 941 4290 le
951 4240 1012 4305 plus
1025 4240 1235 4290 eonscieneioux

95 4313 131 4364 de
144 4309 317 4377 l’untiqulte',
337 4326 406 4360 nous
418 4310 458 4359 lui
470 4310 575 4359 serious
588 4309 734 4360 rodcvoble
749 4309 781 4358 de
795 4309 937 4373 beaucoup
952 4323 986 4358 au
999 4323 1058 4357 nom
1073 4307 1105 4356 de
1119 4304 1235 4372 l'apprd·

96 4381 206 4431 clutton
221 4378 255 4429 de
268 4379 296 4429 la
307 4377 452 4430 literature
465 4378 612 4444 greoque.“
