2932 5124
199 336 258 397 168
635 324 900 386 HERODOTI

198 533 266 592 ειν,
290 508 420 589 Πενίηυ
437 527 472 571 τε
490 501 546 570 καὶ
561 494 776 589 Ἀμηχανίην
800 500 856 568 καὶ
879 496 1008 571 τούτων
1025 500 1093 568 των
1109 498 1203 568 θεῶν
1221 496 1342 586 ἐπηβό-

198 615 276 685 λους
295 602 408 684 ἐόντας
423 598 596 693 Ἀνδρίους
613 596 654 670 οό
680 598 802 670 δαίσειν
824 597 981 691 χρήματα.
1017 596 1174 670 οὐδέκοτε
1195 597 1259 690 γὰρ
1280 603 1343 688 τῆς

100 758 107 766 -
201 709 336 777 ἑωυτῶν
353 700 540 794 ἀδυναμίης
557 700 619 791 τὴν
634 698 823 791 Ἀθηναίων
842 701 987 792 δύναμιν
1005 702 1091 772 εἶναι
1108 702 1246 791 κρέσσω.
1272 690 1344 772 Ot'r

198 837 249 879 τοι
271 809 335 898 μέν
359 804 399 895 δὴ
424 809 528 877 ταῦτα
556 800 816 894 ὑποκρινόμενοι
838 806 894 874 καὶ
917 800 958 874 οὐ
991 802 1106 884 δόντες
1128 800 1169 873 τὰ
1191 801 1344 893 χρήματα

133 920 192 981 112
203 912 458 999 ἐπολιορκέοντο.
478 908 717 996 Θεμιστοκλέης
736 907 790 995 δὲ,
807 901 848 976 od
866 903 929 996 γὰρ
948 902 1087 977 ἐπαύετο
1105 907 1344 993 πλεονεκτέων,

201 1014 377 1101 ἐσπέμπων
403 1014 434 1091 ἐς
456 1005 513 1090 τὰς
536 1006 638 1089 ἄλλας
660 1006 783 1097 νήσους
806 1004 1060 1099 ἀπειλητηρίους
1087 1005 1223 1095 λόγους,
1252 1017 1345 1076 αἴτεε

199 1111 348 1204 χρήματα
368 1108 507 1182 διόπων
525 1106 637 1182 αὐτοῖν
655 1106 818 1200 ἀγγέλων,
835 1108 1020 1200 χρεώμενος
1036 1108 1163 1198 λόγοισι
1180 1123 1267 1178 τοῖσι
1283 1110 1345 1177 καί

200 1211 282 1303 πρός
295 1209 470 1303 Ἀνδρίους
490 1210 661 1303 ἐχρήσατο,
680 1213 805 1301 λέγων,
824 1206 886 1300 ὣς,
906 1209 997 1302 εἰμὴ
1016 1210 1163 1282 δώσουσι
1181 1206 1218 1281 τό
1237 1208 1345 1280 αίτεό·

202 1345 322 1406 μενον,
353 1313 484 1400 ἐπάξειν
506 1312 569 1402 τὴν
591 1311 749 1405 στρατιὴν
772 1317 840 1384 τῶν
858 1309 1042 1403 Ἑλλήνων,
1066 1315 1121 1383 καί
1139 1311 1346 1403 πολιορκέων

201 1416 375 1509 ἐξαιρήσει.
423 1419 530 1504 λέγων
559 1406 608 1487 τόν
625 1418 729 1486 ταῦτα
752 1417 911 1504 συνέλεγε
934 1413 1082 1507 χρήματα
1104 1411 1231 1504 μεγάλα
1254 1411 1347 1504 παρὰ

201 1527 402 1610 Καρυστίων
424 1546 460 1588 τε
482 1521 538 1588 sul
556 1525 707 1608 Παρίων,
727 1525 761 1587 oi
781 1516 1032 1608 πυνθανόμενοι
1049 1515 1112 1607 τήν
1129 1545 1164 1587 τε
1174 1514 1337 1605 Ἀνδρον,
1345 1539 1396 1591 urs

235 1714 285 1769 ναί
301 1709 409 1769 τούτων
425 1714 481 1767 τοῖν
498 1716 577 1768 θεῶν
589 1708 747 1784 έπηβόλοος
798 1717 846 1766 nui
863 1717 898 1766 ad
915 1716 980 1778 VII,
1002 1714 1058 1765 158.
1089 1715 1191 1766 Sensus
1210 1714 1266 1765 loci
1287 1720 1346 1766 est:

203 1778 302 1843 iduvum
317 1776 468 1849 Ἀνδρίους]
493 1786 510 1835 i.
524 1802 548 1835 c.
568 1792 643 1851 ιιιηιιε
660 1787 747 1835 lterum
798 1787 960 1850 nequeenim
979 1784 1096 1834 cessabat
1112 1787 1348 1849 peramoenum

201 1857 305 1905 deorum
317 1861 446 1918 corriperes
457 1870 510 1903 cum
519 1855 586 1917 sueti
597 1860 680 1904 esseut
694 1855 747 1903 Αα-
798 1854 964 1918 conquirendi
979 1854 1094 1917 νομίσειε.
1109 1886 1113 1891 ⁴
1130 1851 1278 1913 Caeterum
1297 1867 1345 1901 eo-

201 1924 255 1972 drii
264 1937 285 1971 s.
300 1937 362 1987 ques
374 1923 436 1971 deos
448 1938 502 1970 cum
514 1923 583 1970 nacti
594 1927 679 1970 essent
692 1922 746 1970 Αιι-
799 1920 860 1969 dem
878 1921 936 1970 iere
955 1925 1067 1970 enarrat
1077 1918 1220 1969 Plutarch.
1232 1919 1346 1969 Themi-

202 1991 261 2040 ιίνίί.
297 1989 398 2038 Vocem
417 1979 556 2052 ἐπήβολος
575 1988 748 2037 illustrarunt
800 1987 878 2038 stocl.
895 1988 938 2037 21.
955 1988 1016 2039 init.
1035 2004 1063 2053 p.
1078 1987 1176 2050 1220„
1192 1987 1240 2037 ubi
1259 1987 1347 2037 ctiam

202 2054 355 2107 Blomlield.
364 2053 487 2104 Glossar.
498 2055 533 2104 ad
542 2055 673 2119 Aeschyli
682 2056 747 2104 Pro·
798 2055 1012 2118 Timocreontis,
1027 2056 1073 2120 qui
1084 2053 1280 2105 Themistoclis
1292 2054 1349 2104 init

203 2123 286 2173 moth.
305 2120 355 2171 453
373 2121 435 2171 coll.
455 2121 489 2171 ad
507 2123 668 2186 Agamemn.
687 2123 747 2186 525,
800 2123 989 2184 adversarius,
1004 2127 1096 2174 exstat
1107 2138 1219 2173 carmen
1232 2123 1260 2172 iu
1272 2122 1347 2172 'I'he-

203 2188 337 2240 Schacfer
354 2188 460 2238 Melctt.
480 2191 553 2240 criti.
567 2207 593 2256 p.
606 2189 653 2248 48,
671 2191 748 2254 Wyt-
799 2190 952 2243 misloclem
966 2191 1120 2241 traductum
1138 2205 1205 2241 sene
1218 2198 1249 2240 ut
1260 2190 1348 2240 homi-

203 2257 333 2310 tenbach.
348 2257 382 2306 ad
391 2257 531 2307 Plutarch.
541 2258 609 2308 Mor.
620 2259 641 2308 Ι.
653 2275 678 2324 p.
692 2258 748 2308 112.
800 2257 1048 2316 υεωιωοῐιδαοεω,
1063 2259 1206 2321 iniustum,
1224 2259 1348 2324 prodito·

202 2325 270 2375 Add.
284 2324 387 2375 Herod.
398 2325 445 2383 IX,
459 2324 500 2375 49.
800 2343 866 2387 rem,
881 2327 927 2392 qui
939 2328 1058 2392 pecunie
1070 2330 1213 2391 corruptus
1226 2327 1347 2377 amicum

237 2380 371 2443 οόδὲνοτε
401 2385 439 2456 ἀρ
452 2392 501 2459 τῆς
515 2383 626 2444 ἑωυτῶν
638 2385 746 2444 ἀδυνα-

202 2459 271 2541 μίης
283 2450 374 2593 xlv]
420 2456 511 2511 ναίων
528 2453 653 2524 δύναμιν
671 2455 748 2513 εἶναι

203 2542 309 2594 νρεσσω
343 2528 410 2578 Cum
432 2531 571 2579 sententia
591 2530 640 2580 sit:
665 2546 746 2593 ,μαιε-

203 2614 276 2663 quum
293 2598 357 2646 enim
369 2597 443 2660 sore,
461 2604 488 2645 ul
500 2598 688 2647 Atheniensium
698 2612 746 2661 μο-

203 2666 284 2715 sentia
294 2680 364 2714 suam
374 2671 478 2728 superet
492 2668 676 2729 impotentium,
695 2664 748 2715 Co·

204 2732 252 2781 bet
270 2732 299 2780 in
316 2732 488 2796 Mnemoeyu.
505 2733 553 2784 IX.
575 2749 602 2797 p.
619 2733 667 2783 291
686 2739 749 2798 post

203 2790 339 2850 οὐδέκοτε
351 2791 406 2862 γὰρ
421 2799 505 2849 inseri
523 2800 583 2850 vult
600 2791 658 2861 dv,
677 2800 747 2866 quod

203 2867 271 2916 mihi
279 2865 353 2915 haud
363 2868 549 2916 necessarium
559 2883 620 2917 esse
631 2868 747 2919 videtur.

204 2933 326 2983 Similem
345 2934 482 2998 quandem
504 2936 668 2985 sententium
687 2952 749 3001 pro-

204 3001 245 3050 dit
261 3000 361 3050 Noster
377 3001 443 3060 VII,
465 3001 520 3050 172.
565 3004 620 3065 Qui
640 2993 748 3054 α’δυνα-

204 3065 244 3132 μί
248 3082 287 3132 ης
302 3083 372 3118 voce
389 3068 487 3129 utitur,
507 3071 530 3118 is
543 3085 627 3136 supra
638 3072 693 3129 111,
706 3071 749 3122 79.

203 3136 272 3198 VII,
293 3135 341 3184 172
358 3126 520 3202 α’δννασίης
537 3137 652 3188 formam
672 3139 748 3189 edhi-

204 3203 277 3263 huit,
295 3209 326 3252 ut
339 3208 417 3254 uolat
428 3203 544 3256 Bredov.
558 3223 583 3272 p.
596 3204 639 3256 95.
670 3208 749 3268 Quod

204 3271 283 3322 nobis
307 3271 470 3323 documento
495 3279 550 3335 est,
580 3275 749 3325 Herodotum

204 3340 313 3390 omnino
336 3339 364 3389 in
388 3340 491 3391 talibus
515 3343 638 3392 variasse
659 3358 748 3408 neque

204 3408 259 3457 uni.
276 3408 426 3473 eidemque
448 3409 536 3459 sormd
558 3426 667 3476 semper
687 3426 748 3461 esso

204 3489 289 3524 usum.
326 3476 392 3525 Inde
410 3493 515 3542 quoque
533 3484 676 3544 utramque
695 3479 749 3529 for-

205 3557 276 3591 mam
289 3542 385 3592 laudat
396 3544 493 3594 Pollux
507 3547 562 3605 ΙΙΙ,
579 3547 634 3598 122.
664 3547 749 3596 Plura

204 3609 259 3658 vid.
269 3611 297 3657 in
307 3609 450 3661 Thesauro
460 3613 538 3678 Ling.
548 3613 647 3664 Graec.
654 3616 675 3664 I.
683 3630 746 3680 pag.

204 3675 252 3725 ill
268 3676 310 3726 ed.
323 3677 448 3728 Diodori.
484 3681 515 3729 In
533 3684 654 3745 proxime
672 3698 748 3760 sequ.

205 3744 358 3809 Schweigh.
376 3761 391 3795 e
409 3746 570 3798 Florentino
589 3749 696 3799 addidit
714 3766 748 3800 τα

206 3816 270 3861 ante
283 3805 423 3877 χρήματα,
436 3815 596 3881 intelligens
607 3822 747 3881 pecuniam,

205 3895 278 3945 quum
306 3881 347 3929 ille
374 3885 557 3945 postulaverat.
597 3885 748 3935 Articulum

206 3946 473 4064 omliserunzldatth„
485 3950 606 4013 Behker,
622 3953 748 4004 Diodori.

205 4021 233 4064 et
272 4014 371 4065 ietsc.

391 4183 458 4236 Cur.
478 4185 563 4238 CXII.

239 4280 442 4354 πλεονεκτέων]
467 4290 509 4339 De
527 4289 579 4341 hoc
595 4290 679 4343 verbo
687 4308 748 4345 mo·

800 2395 959 2460 prodiderit
1000 2395 1069 2444 Add.
1087 2393 1290 2444 Pseudo-Pint.
1308 2395 1346 2444 11.

800 2479 826 2526 p.
844 2461 936 2524 8710,
961 2463 1008 2528 qui
1023 2463 1193 2513 Herodotum
1215 2462 1348 2513 crimina·

800 2535 856 2591 tur,
875 2529 1091 2581 Themistoclem
1108 2529 1243 2594 pecunius
1256 2531 1292 2580 ab
1306 2531 1349 2580 in·

799 2598 905 2648 cuiauis
927 2598 1055 2663 exegisse
1077 2603 1106 2647 et
1124 2599 1152 2646 iu
1169 2613 1245 2648 suum
1267 2614 1349 2649 nsum

799 2666 970 2717 convertisse
981 2666 1149 2716 tradentemt
1162 2680 1242 2730 quam
1256 2667 1348 2716 crimi-

799 2734 940 2784 nationem
958 2735 1060 2783 iniuria
1077 2733 1137 2784 fieri
1154 2736 1270 2799 agnovit
1283 2750 1348 2799 quo·

800 2818 852 2867 que
870 2801 1037 2867 Lahmeyer:
1062 2801 1105 2851 De
1129 2801 1289 2852 Plutarchei
1314 2802 1348 2853 li·

799 2870 866 2920 belli
880 2871 926 2935 qui
939 2870 972 2919 de
986 2869 1121 2934 malignit.
1131 2868 1234 2920 Herod.
1248 2871 1348 2921 inscri-

800 2938 876 2987 bitur
888 2944 940 2990 etc.
954 2954 980 3004 p.
993 2938 1034 2988 75.
1053 2936 1136 2987 Nulls
1148 2952 1216 2987 nane
1230 2943 1349 3004 apparet

800 3021 899 3068 cause,
919 3021 969 3055 cur
983 3005 1153 3056 Herodotum
1171 3005 1244 3056 falso
1261 3006 1347 3056 tredi-

801 3073 874 3123 disse
894 3074 1097 3134 existimemus,
1115 3088 1167 3122 nec
1184 3088 1251 3123 ssnc
1269 3074 1347 3123 Dun-

800 3141 878 3191 clreri
891 3141 1003 3205 (Gcsch.
1017 3142 1042 3191 d„
1053 3140 1170 3191 Alterth.
1186 3141 1232 3191 IV.
1245 3157 1272 3206 p.
1285 3140 1347 3204 811)

799 3209 901 3258 iudicio
911 3209 1136 3260 subscribendum
1147 3208 1207 3271 erit,
1216 3224 1259 3271 ec,
1275 3224 1347 3275 quae

799 3277 900 3327 Noster
923 3277 956 3326 de
976 3275 1163 3327 Themistocle
1180 3276 1347 3341 Andriisquc

800 3352 907 3407 narrat,
932 3360 999 3395 vera
1022 3360 1083 3395 esse
1104 3359 1187 3409 posse
1206 3345 1346 3410 negantis.

800 3412 842 3461 Tu
859 3413 915 3465 vid.
934 3428 1003 3477 qnae
1026 3413 1060 3462 dc
1078 3412 1120 3462 his
1137 3413 1193 3462 iem
1210 3427 1294 3478 supra
1312 3413 1346 3463 ed

800 3480 877 3543 VIII,
890 3481 907 3529 4
919 3480 1080 3531 monuimus.

834 3541 942 3612 λόγοισι
958 3550 1032 3598 τοῖσι
1049 3542 1187 3612 καὶπρὸς
1203 3537 1347 3611 Ἀνδρίους

801 3607 951 3682 ἐχρήσατο]
974 3617 1076 3667 Vocem
1093 3608 1215 3681 λόγοισι,
1239 3632 1311 3682 quse
1330 3633 1347 3666 s

800 3684 936 3743 Florent,
952 3685 1067 3745 Medic,
1087 3684 1150 3734 aliis
1168 3684 1261 3743 abest,
1281 3685 1346 3734 hinc

800 3751 846 3801 vel
863 3751 984 3804 deletam
1005 3752 1049 3803 vel
1067 3752 1146 3801 uncis
1164 3757 1240 3802 certe
1257 3753 1346 3802 inclu-

800 3834 859 3869 sam
878 3819 936 3870 vult
953 3820 1233 3885 Schweighaeuserus
1254 3823 1285 3869 ut
1302 3836 1346 3871 su·

801 3891 934 3952 spectem.
960 3889 1047 3938 iidem
1059 3887 1137 3937 codd.
1150 3904 1200 3954 pro
1212 3883 1262 3937 sul
1275 3881 1346 3950 πρὸς

797 3945 941 4019 Ἀνδρίους
949 3972 1093 4022 perperam
1103 3955 1209 4005 habent
1219 3947 1291 4018 πρὸς
1300 3953 1348 4020 βα·

801 4017 889 4073 οιλέα.
924 4024 1058 4089 Equidem
1078 4038 1139 4073 cum
1153 4024 1345 4073 τοοοο11.εδδ.

799 4091 868 4143 nihil
890 4092 919 4141 in
939 4092 983 4142 his
1005 4091 1164 4141 mutandum
1185 4105 1247 4141 esse
1268 4096 1347 4142 ratus

799 4158 941 4225 vulgatam
954 4160 1057 4210 retinui
1069 4157 1227 4209 lectionem.

733 4262 737 4271 ·
758 4268 767 4285 .
845 4219 1124 4291 nuoolliuovcu'ovl
1153 4227 1196 4276 Dc
1221 4226 1346 4289 Carystio

799 4295 873 4357 coni.
884 4294 993 4355 ,Herod
1005 4295 1063 4359 IV,
1083 4293 1124 4345 33.
1143 4294 1193 4357 VI,
1208 4292 1251 4344 99.
1269 4294 1343 4355 vill,
