2900 5122
397 390 659 451 CALLIOPE.
683 392 742 450 IX.
766 401 809 454 51.
832 398 876 453 52.

1140 393 1203 454 299

76 563 218 654 ἑπόμενοι
235 562 433 654 ταράσσοιεν
449 568 484 633 ολ
499 560 642 633 ἱππόται,
678 558 889 653 ἀπικομένων
908 563 946 632 δέ
964 566 996 643 ές
1014 559 1073 633 τόν
1095 567 1204 653 χοῖρον

74 670 197 753 τοῦτον,
222 664 281 737 τόν
306 664 348 754 δὴ
371 661 391 754 ἡ
413 662 553 745 Ἀσωπὶς
574 660 691 752 Ὠερόη
713 673 931 754 περισχίζεται
949 668 1071 756 ῥέουσα
1091 669 1126 735 ἐκ
1143 670 1205 736 τοῦ

75 771 293 858 Κιθαιρῶνος,
317 764 383 837 ὑπὸ
400 764 461 855 τὴν
478 765 584 836 νύκτα
600 764 726 854 ταύτην
744 765 855 836 ἐδόκεε
872 763 949 847 τούς
967 762 1105 856 ἡμίσεας
1123 764 1203 837 ἀπο-

74 874 210 940 στέλλειν
226 877 288 939 τοῦ
305 871 530 959 στρατοπέδου
548 865 629 956 πρὸς
646 864 704 937 τὸν
717 871 926 958 Κιθαιρῶνα,
945 863 989 949 ἀς
1003 865 1204 957 ἀναλάβοιεν

73 969 141 1052 τούς
157 967 307 1052 ὀπέωνας
324 967 403 1052 τούς
422 972 475 1040 ἐπὶ
498 967 539 1039 τὰ
562 977 651 1039 σιτία
673 972 879 1059 οἰχομένους·
902 959 988 1059 ἦσαν
1011 968 1074 1061 γὰρ
1099 975 1134 1041 έν
1156 975 1203 1064 τῷ

74 1080 250 1163 Κιθαιρῶνι
267 1069 538 1161 ἀπολελαμμένοι.
580 1075 692 1141 Ταυτα
710 1068 972 1161 βουλευσάμενοι
992 1075 1123 1161 έκείνην
1140 1073 1201 1161 μέν
1209 1083 1249 1143 52

72 1172 126 1263 τὴν
140 1169 267 1266 ἡμέρην
285 1178 406 1261 πᾶσαν,
425 1175 663 1262 προσκειμένης
679 1176 737 1261 τῆς
751 1178 867 1259 ἵππου,
887 1172 976 1263 εἶχον
989 1171 1093 1244 πόνον
1105 1170 1203 1263 ἀτρυ·

73 1304 130 1346 τον.
153 1271 196 1357 ὦς
217 1276 255 1346 δέ
275 1268 348 1365 ἦτε
366 1270 473 1364 ἡμέρη
492 1280 588 1363 ἔληγε
605 1277 661 1343 καὶ
679 1279 714 1343 ολ
730 1277 845 1355 ἱππέες
863 1277 1066 1364 ἐπέπαυντο,
1084 1273 1203 1355 νυκτὸς

74 1374 298 1468 δημευομένης
316 1379 371 1447 καὶ
391 1374 508 1464 ἐούσης
526 1379 583 1464 τῆς
601 1371 705 1464 ὥρης,
726 1379 759 1457 ές
770 1374 832 1465 τὴν
843 1375 1014 1446 συνέκειτό
1027 1398 1087 1466 σφι
1099 1373 1203 1446 ἀπαλ-
1300 1381 1302 1385 ’

73 1477 258 1568 λάσσεσθαι,
279 1482 427 1550 ένθαῠτα
443 1473 621 1568 ἀερθέντες
638 1482 673 1547 oi
687 1481 802 1548 πολλοὶ
814 1474 1075 1567 ἀπαλλάσσοντο,
1094 1480 1203 1569 έςμὲν

34 1576 128 1650 sireis
142 1584 268 1671 χεῖρον,
296 1585 328 1662 ές
345 1577 404 1650 τὸν
421 1583 609 1667 συνέκειτο,
633 1576 695 1649 οὐκ
714 1583 750 1648 έν
766 1578 835 1673 νόῳ
854 1586 999 1669 ἔχοντες·
1024 1587 1058 1650 ol
1080 1582 1143 1669 δέ,
1159 1577 1203 1662 ὥς

72 1681 286 1771 ἐκινήθησαν,
314 1689 460 1771 ἔφευγον
477 1678 613 1771 ἅσμενοι
630 1678 692 1769 τὴν
708 1686 812 1751 ἵππον
830 1678 911 1768 πρὸς
928 1678 990 1769 την
1008 1685 1204 1752 Πλαταιέων

71 1781 174 1872 πόλιν,
197 1781 383 1873 φεύγοντες
408 1784 446 1853 δέ
468 1780 681 1853 ἀπικνέονται
707 1784 760 1851 ἐπὶ
784 1780 821 1852 τό
841 1778 986 1873 Ἡραῖον.
1022 1781 1059 1853 τό
1084 1784 1122 1854 δὲ
1139 1781 1203 1873 πρὸ

70 1982 467 2050 eoll.Xenoph.Memoreb.IV‚
477 1984 501 2044 7,
512 1984 528 2032 4
539 1982 607 2048 ibiq.

70 2051 171 2117 interpr.
189 2052 366 2117 Adsequens
377 2045 415 2109 ὥς
424 2041 462 2100 ἂν
470 2051 525 2130 vid.
537 2056 604 2101 nott.

69 2119 99 2168 ed
110 2120 153 2181 lx,
165 2120 199 2170 22
213 2125 243 2171 ot
255 2120 292 2169 ad
304 2119 470 2169 locutionem
484 2112 542 2169 υπὸ
553 2111 607 2184 τὴν

70 2180 149 2267 τόρτα
158 2188 284 2265 ,nott3od
295 2188 343 2250 lx,
356 2185 398 2237 58.

69 2253 542 2374 restitute-cinti
556 2255 606 2373 {d

69 2396 106 2438 ter
115 2396 195 2456 etque
207 2393 266 2452 111,
282 2390 316 2441 14
328 2390 386 2453 (nbi
398 2391 453 2441 vid.
466 2390 546 2452 nott)
560 2381 608 2441 ἐπὶ

69 2446 189 2522 rodino.
221 2460 266 2509 Ad
283 2459 400 2509 formem
412 2451 607 2524 ἀπολελαμμέ-

69 2540 108 2575 νοι
123 2526 151 2583 li.
169 2544 194 2578 e.
213 2528 359 2589 interclusi)
381 2527 454 2577 coni.
471 2527 527 2587 ΙΙΙ,
549 2526 606 2577 117.

69 2592 110 2649 Ill,
118 2592 150 2643 68
161 2600 189 2644 et
201 2611 275 2660 quae
287 2594 344 2644 olio
357 2594 390 2644 de
400 2594 517 2645 diversis
527 2595 608 2657 huius

69 2661 137 2711 verbi
154 2662 253 2713 formis
269 2662 344 2727 opud
355 2662 483 2713 Nostrum
495 2661 608 2726 collegit

70 2728 174 2781 Bredov.
192 2747 260 2796 pag.
274 2728 338 2791 35ος
357 2730 391 2780 de
407 2729 486 2779 vorbi
503 2730 607 2795 signifi-

70 2797 165 2848 catione
177 2799 236 2849 vid.
250 2798 327 2860 VIII,
343 2797 373 2847 ll
385 2798 478 2863 iquue
491 2802 559 2848 nott.

261 2966 329 3017 Cur.
347 2966 409 3017 LII.

99 3061 172 3134 εἶχον
188 3061 285 3121 πόνον
302 3056 434 3135 ἄτρυτον]
455 3060 534 3133 εἶχον
551 3083 607 3119 me·

70 3133 143 3187 liores
166 3138 249 3188 eodd.
274 3136 430 3187 offerebant
459 3152 508 3201 pro
533 3128 607 3200 ἔχον,

71 3205 131 3267 quod
151 3212 215 3272 post
233 3204 416 3256 Sohueiorum
437 3205 609 3254 retinuerunt

71 3270 157 3323 Muti.
172 3279 201 3323 et
213 3273 339 3324 Beklsor.
368 3271 432 3321 vid.
450 3271 528 3321 modo
540 3272 608 3322 Bro-

71 3337 122 3390 lor.
134 3356 197 3407 pag.
211 3341 265 3393 303
283 3344 313 3390 et
329 3337 388 3389 304.
418 3327 541 3402 ἀτρντον
557 3334 607 3389 πό·

71 3418 115 3457 m
129 3409 265 3475 iutelligit
281 3409 384 3458 Noster
400 3407 553 3470 indefessum
570 3410 608 3456 la·

70 3473 151 3536 λοττνι,
162 3478 348 3537 vehementem,
361 3480 391 3524 ut
400 3474 472 3539 opud
480 3474 608 3539 Sophool.

71 3541 158 3592 &588
166 3537 246 3594 κακὰ
256 3532 374 3606 ἀτρντα,
382 3543 400 3592 i.
409 3559 433 3592 e.
439 3536 607 3604 πολύτρυτα,

70 3604 138 3661 τάτν
151 3610 315 3673 κακοῦντα,
336 3625 407 3676 quoe
426 3609 496 3660 bone
515 3610 610 3660 attulit

71 3676 241 3730 Doederlein:
255 3681 299 3729 De
311 3677 393 3743 alpha
403 3677 533 3728 intonsiv.
543 3693 607 3742 psg.

70 3743 105 3793 sl.
132 3746 171 3797 Ao
183 3747 232 3797 vel
244 3747 336 3809 magis
349 3746 402 3795 huo
412 3746 534 3825 pertinet
545 3746 608 3795 Pin·

70 3810 122 3863 dari
142 3814 221 3866 loeus
239 3804 365 3876 ἄτρυτον
381 3828 472 3864 πονου
489 3812 609 3864 dicentis

71 3879 177 3945 ioPyth.
184 3884 235 3946 IV,
246 3880 295 3932 178
301 3879 381 3945 (316),
392 3880 609 3946 qnodSoholium

71 3950 172 4013 exponit
185 3942 363 4009 δεινότατον,
377 3939 607 4013 ἀκαταπόνητον.

71 4013 98 4063 ln
111 4031 184 4082 seqq.
202 4018 309 4068 rotiaui
327 4032 387 4067 oum
401 4017 552 4067 Sohsefero
566 4032 607 4081 γε·

72 4077 197 4150 κειμένης,
224 4087 305 4135 euius
326 4084 387 4135 loco
405 4085 560 4150 Schweigh.
581 4088 609 4134 et

72 4148 151 4203 (isloi.
164 4153 303 4203 dederont
314 4147 484 4270 γενομένης,
498 4153 547 4202 sed
560 4153 607 4202 ab·

69 4218 117 4268 ieoi
124 4221 255 4271 roonlom
265 4215 302 4286 δὴ
309 4225 373 4270 onte
381 4234 434 4271 σνν
450 4235 526 4270 ussto
536 4220 608 4271 melo

70 4284 168 4337 distem
190 4293 221 4338 et
244 4304 259 4338 e
280 4288 402 4353 proxime
421 4289 610 4338 antecedenti·

70 4350 161 4414 bosut
168 4356 239 4406 mihi
249 4361 324 4408 certe
333 4356 449 4419 videtur,
460 4356 514 4406 huo
525 4356 609 4406 etium

658 1982 838 2033 translatam
863 1981 943 2033 deest
964 1997 1071 2049 quoque
1093 1983 1122 2034 in
1138 1984 1203 2035 Flo·

658 2051 767 2102 sentino
795 2066 830 2105 oo
853 2051 988 2101 Parisinis
1015 2051 1108 2113 oodd.;
1137 2054 1202 2102 reti-

658 2124 777 2169 nuerunt
793 2123 887 2169 tumen
905 2118 1086 2182 Soheeferus,
1096 2120 1202 2172 nauh.

659 2193 687 2237 et
698 2186 837 2249 Diotsoh.,
858 2187 903 2251 qui
916 2202 977 2236 oum
987 2188 1129 2238 Dindordo
1142 2204 1204 2238 mox

658 2256 771 2320 scripsIt
782 2249 940 2305 συνεκέετο.
962 2256 1098 2320 Equidem
1107 2256 1203 2321 vulgu-

659 2327 715 2372 tum
731 2323 847 2383 retinui3
865 2323 920 2371 vid.
938 2328 1006 2373 nott.
1024 2323 1059 2372 ud
1071 2324 1148 2381 vlu,
1161 2324 1203 2376 41.

692 2381 847 2454 ἀερθέντες
856 2381 1123 2456 -ἀπαλλάσσοντο]
1136 2392 1204 2441 Ver·

659 2464 721 2509 tunt
732 2458 828 2523 vulgo:
841 2457 947 2508 sublone
958 2458 1104 2509 utensilibus
1116 2474 1138 2509 s.
1151 2462 1204 2510 ool·
1236 2490 1241 2497 ·

658 2529 731 2578 lectis
748 2527 815 2577 uaris
832 2527 1017 2603 disuaserunt,¹
1040 2527 1108 2587 nisi,
1133 2527 1205 2591 qnod

659 2610 727 2645 sone
739 2593 842 2655 malim,
855 2589 1013 2656 αερθέντες
1024 2594 1133 2644 omnino
1143 2610 1204 2645 eum

659 2665 688 2714 in
705 2663 814 2713 modum
829 2662 876 2711 hio
895 2661 1016 2712 additum
1033 2667 1125 2726 putes,
1151 2678 1203 2726 quo

659 2731 731 2782 olins
752 2722 943 2795 ὁομηθέντεςι
967 2730 1001 2780 (Ιε
1025 2745 1077 2794 quo
1101 2732 1147 2795 egi
1169 2730 1204 2781 od

658 2799 739 2860 vm,
760 2797 815 2849 133.
845 2798 929 2859 Num,
953 2802 984 2847 ut
1000 2801 1076 2847 reete
1094 2813 1204 2848 monere

658 2867 767 2916 videtur
776 2865 1054 2931 Schweighaeusorus
1066 2866 1095 2914 in
1107 2867 1204 2917 Lenis.

658 2932 945 3000 Herodot.1.pog.il‚
960 2933 1046 2984 verbo
1058 2925 1204 2999 ἀερθῆναι

659 3002 788 3054 subiecto
802 3007 845 3051 est
855 3001 928 3067 epod
937 3001 1064 3052 Nostrum
1074 3017 1109 3052 eo
1118 3004 1204 3063 notio,

659 3085 713 3135 quo
724 3069 831 3120 omniuo
841 3069 918 3120 velet
930 3071 1029 3134 erigere
1037 3085 1075 3130 se,
1088 3086 1203 3134 τατρετε,

658 3142 713 3189 loco
734 3153 848 3194 mouere:
870 3138 965 3202 itaque
987 3142 1113 3204 praestet
1133 3138 1160 3189 h.
1183 3139 1202 3188 l.

659 3206 786 3256 reddere:
810 3207 904 3255 castris
919 3208 991 3255 motio
1009 3206 1203 3256 discesserunt.

658 3274 735 3324 idem
751 3272 864 3322 verbnm
881 3273 915 3322 do
933 3272 1036 3332 classe,
1055 3287 1126 3338 quoe
1140 3273 1204 3324 velo

659 3342 751 3391 ventis
764 3340 812 3390 dot
823 3342 905 3404 inquo
919 3339 1005 3389 altum
1017 3339 1112 3401 solvit,
1125 3356 1202 3404 repe-

659 3410 744 3458 rimus
761 3408 787 3469 1,
809 3406 864 3457 165,
885 3406 941 3457 170.
975 3408 1053 3469 Ques
1072 3407 1203 3457 continuo

659 3480 822 3541 sequuntur,
848 3474 882 3524 ob
906 3476 1029 3526 rationes
1053 3475 1203 3539 porticula·

659 3559 718 3594 rum
740 3536 794 3608 μέν
815 3548 843 3592 et
865 3534 897 3591 dl
922 3543 1017 3607 attigit
1039 3542 1135 3592 Mutth.
1156 3543 1202 3593 Gr.

661 3611 707 3662 Gr.
725 3612 748 3671 §-
767 3608 826 3660 289.
843 3616 899 3659 not.
912 3608 937 3661 9.
967 3608 1027 3660 Vid.
1048 3611 1083 3661 od
1100 3610 1202 3661 Herod.

660 3681 684 3740 1,
697 3677 731 3729 dd
742 3681 811 3728 nott.
841 3679 883 3726 To
895 3677 995 3728 reddes
1008 3678 1088 3728 licet:
1107 3683 1133 3728 in
1150 3695 1204 3729 eum

660 3751 752 3806 ἱυονω,
765 3747 792 3795 in
804 3761 875 3812 quem
886 3754 1051 3805 conuenerat,
1069 3749 1165 3797 nulnlrue
1178 3749 1204 3798 iu

660 3818 741 3866 annuo
752 3813 874 3865 habentes
882 3830 1007 3878 ρετρεντ,
1020 3816 1080 3873 sed,
1095 3814 1139 3864 ubi
1148 3819 1203 3866 loco

660 3889 735 3933 erum
746 3884 819 3939 moti,
832 3883 968 3948 equitatum
981 3881 1128 3933 laetabundi
1138 3885 1202 3948 effu·

658 3951 762 4015 ρίεθοπί
777 3951 814 4000 ud
825 3951 948 4000 Plataeas
960 3950 1044 4000 urbem
1058 3954 1181 4001 conuersi.

694 4011 741 4069 iul
753 4010 785 4068 τὸ
794 4009 924 4082 Ἡραῖον]
943 4019 985 4068 De
998 4018 1073 4079 loeo,
1095 4033 1146 4083 quo
1159 4019 1204 4067 Iu-

659 4086 886 4151 nonistomplum,
901 4087 979 4136 cuins
992 4086 1076 4136 etism
1087 4085 1117 4136 in
1126 4101 1202 4149 seqq.

661 4153 809 4219 aliquoties
830 4154 861 4203 fit
878 4155 981 4205 mentlo
1005 4158 1033 4203 et
1050 4153 1123 4218 upud
1139 4152 1202 4202 Plu-

660 4221 747 4271 tarch.
771 4222 827 4272 vis.
852 4221 964 4271 Aristid.
992 4220 1023 4270 18
1046 4222 1121 4281 init,
1159 4236 1203 4269 ex-

660 4294 793 4340 structum
810 4294 883 4351 eret,
903 4305 957 4339 non
974 4303 1084 4355 prorsus
1101 4287 1201 4351 liquet:

662 4358 785 4422 quamvis
799 4362 863 4407 ante
875 4357 963 4423 ipsam
976 4357 1080 4417 urbem,
1094 4356 1113 4404 i.
1128 4371 1151 4405 o.
1166 4354 1201 4405 ab
