2826 5132
209 377 271 439 498
621 367 936 430 ΟΟΜΜΕΝΤΑΤΙΟ

209 544 242 599 Α.
253 553 282 597 et
295 562 319 597 s.
328 562 355 596 v.
369 537 457 612 ὀργᾶν
471 544 506 596 T.
514 543 552 595 11.
569 560 597 612 p.
615 545 667 604 707
684 542 722 613 (I,
741 545 766 595 2.
780 558 844 610 pag.
863 543 930 596 1193
946 548 974 594 et
988 541 1026 610 II,
1044 546 1068 596 1.
1083 560 1109 612 p.
1119 542 1183 595 1148
1194 539 1235 593 ed.
1246 540 1318 593 Beru-

210 629 321 698 hardy).
340 627 519 683 Marcellinus
536 627 565 679 in
581 628 645 680 Vita
660 627 816 695 'I'hucydid¹
831 629 857 689 §-
874 629 922 679 542
942 623 1047 695 λέγεται
1061 623 1092 680 δέ
1107 646 1133 680 τι
1145 624 1191 681 καὶ
1202 627 1318 693 τοιοῦτον,

209 706 247 776 oie
274 731 341 768 ποτε
365 714 415 767 τοῦ
436 707 589 780 Ἡροδότου
621 705 671 774 τὰς
696 708 769 774 ἰδίοις
794 707 914 779 ἱστορίαις
941 705 1164 781 ἐπιδεικνυμένου
1187 704 1321 781 copiosi

209 792 341 869 ἀκροάσει
352 798 529 867 Θουκυδίδης
548 796 598 850 καί
612 790 735 858 ἄκου’σοις
751 790 915 866 ἐδάκρυσεν·
937 791 1032 863 ἔπειτά
1049 814 1118 865 φασι
1139 790 1322 863 ιὸνἩρόδοωι

209 885 292 939 τοῦτο
311 878 488 952 θεασάμενον
508 879 596 937 εἰπεῖν
616 875 703 937 αὐτοῦ
726 879 796 952 πρὸς
817 875 868 936 τὰν
888 879 993 951 πατέρα
1007 875 1192 949 τδνὈίορον
1208 870 1322 948 ei'Oioer,

93 1029 99 1037 ,
210 963 280 1043 ὀργᾷ
299 962 318 1039 ἡ
338 963 422 1037 melote
445 967 495 1021 τοῦ
515 962 579 1022 υἱοῦ
596 984 647 1021 σου
664 961 734 1037 πρὸς
755 961 918 1037 μαθήματα.
949 968 1010 1021 Nec
1023 967 1103 1021 aliter
1117 968 1174 1020 fere
1185 965 1322 1019 Photiueiu

212 1054 281 1108 eod.
298 1054 347 1107 LX
362 1054 411 1107 lin.
432 1057 473 1124 (p.
493 1055 525 1107 19
542 1052 646 1121 Bekk.)
664 1051 727 1107 coll.
750 1052 847 1108 Treta.
873 1052 944 1105 cuit.
963 1053 986 1117 1,
1008 1055 1041 1107 19
1056 1058 1084 1106 et
1098 1052 1193 1105 Treta.
1210 1049 1323 1102 Scholia
1403 1088 1404 1109 1

212 1141 380 1206 Hermogen.
404 1137 530 1207 (Cramer
549 1137 672 1190 Anecdd.
695 1137 805 1190 Oxonn.
827 1136 876 1189 IV.
899 1156 927 1208 p.
951 1139 1023 1205 142),
1052 1137 1099 1189 ubi
1121 1137 1186 1190 haec
1204 1136 1325 1205 legantem
1403 1132 1404 1147 ³

211 1215 257 1278 ὅτε
281 1217 331 1284 τὰς
356 1219 476 1291 ἱστορίας
500 1216 553 1291 γὰρ
573 1215 722 1292 Ἡρόδοτος
751 1210 788 1293 ἦν
813 1216 944 1294 γράφων,
969 1223 1117 1285 παιδίσκος
1136 1212 1176 1277 ὃν
1201 1215 1327 1289 ἐδάκρυσεν

211 1301 336 1369 οἷκουόας
350 1308 542 1377 Θουκυδίδης·
557 1308 595 1380 τῷ
606 1308 784 1362 Θουκυδίδου
797 1305 881 1377 πατρὶ
890 1300 1039 1377 Ἡρόδοτος
1054 1301 1175 1378 εἰρήκει·
1191 1300 1260 1369 ieie
1271 1300 1328 1373 elie,

213 1383 359 1462 oi’'Olope,
380 1384 513 1461 ὀργῶσαν·
527 1387 624 1463 ψυχὴν
638 1389 702 1463 ἔχει.
733 1393 834 1464 Neque
850 1400 939 1446 tamen
959 1394 993 1445 ab
1016 1391 1058 1444 his
1079 1389 1260 1463 scriptoribus
1272 1389 1328 1442 indi·

213 1483 292 1532 catur
307 1483 415 1548 tempus
430 1477 617 1546 recitationis;
640 1494 720 1548 quam
734 1485 799 1547 poet
812 1478 913 1531 itinera
926 1478 1064 1531 maximam
1079 1484 1155 1531 certe
1169 1482 1266 1547 partam
1278 1491 1330 1526 con·

212 1565 284 1616 lecta
299 1562 454 1632 iustamque
469 1563 561 1632 operis
574 1562 713 1616 materiem
733 1562 799 1615 inde
816 1563 954 1615 collectam
968 1562 1056 1616 locum
1068 1562 1198 1616 babuisse
1215 1560 1330 1631 ponimus,

213 1654 277 1701 ante
299 1646 409 1718 Olymp.
434 1646 582 1714 LXXXIX,
606 1651 617 1702 1
641 1666 664 1702 s.
684 1652 737 1701 444
757 1664 783 1699 a.
799 1647 867 1700 cur.
885 1666 924 1714 n.,
946 1665 1001 1719 quo
1023 1647 1131 1701 scilicet
1145 1664 1215 1700 anuo
1229 1643 1331 1698 Thurios

214 1732 333 1787 cessisse
348 1735 438 1786 fertur
455 1730 661 1802 Herodotus*),
687 1731 741 1785 nisi
761 1749 821 1785 cum
835 1731 950 1786 Thuriis
968 1738 1066 1803 postea
1086 1733 1188 1787 iterum
1210 1729 1332 1785 occasione

215 1817 306 1872 oblata
327 1817 355 1869 in
380 1817 521 1871 Graeciam
544 1817 696 1871 revertisse
714 1816 809 1887 ibique
830 1818 963 1871 recitasse
985 1825 1110 1870 statuas:
1133 1834 1187 1887 que
1207 1817 1240 1869 de
1255 1813 1333 1869 reim

215 1901 429 1973 supradiximus
445 1902 473 1954 in
489 1910 559 1954 nott.
575 1903 610 1955 ad
625 1901 658 1973 V,
674 1906 706 1955 77
722 1908 751 1955 et
770 1900 851 1971 plnra
867 1904 893 1965 S.
909 1905 926 1955 5
946 1903 1019 1956 infre
1039 1902 1177 1970 dicemns3
1195 1915 1334 1973 quamque:

213 1987 280 2041 illud
303 1987 376 2039 haud
398 2004 552 2054 congruere
575 1987 702 2055 videtur,
731 1987 805 2073 quod
831 1986 1002 2040 recitationis
1027 1991 1152 2058 tempore
1178 1983 1334 2054 Thucydides

214 2090 285 2143 puer
300 2072 389 2125 luisse
404 2078 550 2140 narretur3
573 2072 644 2125 unde
659 2071 753 2140 Heyse
767 2072 871 2124 mavult
885 2071 1056 2125 recitationis
1070 2078 1181 2143 tempus
1197 2073 1293 2125 referre
1309 2066 1334 2119 ad

216 2156 325 2227 Olymp.
340 2154 453 2211 LXXXI
464 2175 487 2212 s.
503 2160 554 2211 456
569 2173 595 2209 a.
612 2155 678 2208 Chr.
696 2174 734 2225 n.,
762 2173 816 2226 quo
839 2156 946 2227 quidem
966 2175 1038 2210 anno
1053 2157 1233 2226 Thucydides
1255 2169 1335 2208 sunau

215 2242 315 2311 agebat
331 2240 461 2295 decimum
476 2242 609 2312 quintum,
624 2241 785 2294 Herodotus
799 2241 1058 2295 duodetricesimum
1072 2249 1137 2311 aut,
1160 2242 1186 2295 si
1202 2241 1336 2309 Krigeruu

215 2326 353 2397 sequaris,
369 2325 398 2378 in
415 2324 485 2378 libro
500 2327 535 2378 de
549 2325 608 2378 vite
622 2325 794 2393 Thucydidis
809 2344 837 2396 p.
857 2330 901 2392 32,
918 2326 1098 2395 Thucydides
1113 2344 1215 2381 annum
1227 2325 1338 2378 decimae

215 2417 265 2465 aut
278 2410 479 2464 duodecimum:
494 2428 549 2482 quo
563 2411 655 2480 posito
672 2428 765 2463 omnes
777 2409 954 2465 difficultates
969 2418 1145 2483 atemporum
1160 2412 1265 2465 retioue
1278 2416 1338 2461 ortu

215 2495 275 2549 tolli
294 2514 378 2566 posse
397 2496 468 2549 idem
487 2495 634 2565 Krigerus
654 2496 815 2553 arbitretur.
847 2497 886 2549 lit
905 2496 962 2551 vid.
983 2514 1095 2568 quoque
1111 2496 1230 2551 Voemel.
1249 2497 1275 2549 in
1288 2511 1338 2564 pre

217 2598 343 2650 gramm:
359 2581 424 2644 Quo
438 2599 511 2634 enno
533 2580 633 2633 Thurii
653 2580 712 2633 sint
731 2581 835 2634 conditi
856 2600 883 2651 p.
906 2586 932 2637 9.
963 2582 1143 2636 Obiiciuntur
1166 2582 1208 2635 his
1222 2580 1297 2645 bina,
1309 2576 1338 2630 sl·

217 2675 306 2720 terum
320 2665 404 2718 Plinii
418 2663 617 2734 testimonium,
638 2664 674 2718 Η.
692 2665 729 2719 Ν.
746 2664 808 2735 XII,
823 2671 880 2720 4ο.
895 2668 927 2734 8,
945 2667 992 2736 qui
1008 2667 1086 2721 urbis
1100 2666 1204 2722 Romae
1215 2683 1283 2719 auno
1296 2669 1338 2716 tre·

218 2750 365 2805 centesimo
381 2750 483 2804 decimo
498 2750 669 2803 Herodotum
684 2750 825 2803 historiam
840 2766 915 2804 suern
934 2751 1050 2805 Thuriis
1065 2753 1094 2805 in
1109 2753 1191 2806 Italia
1203 2748 1339 2805 condidisse

218 2834 325 2902 scribit,
348 2852 421 2887 enno
446 2834 533 2903 igitur
547 2839 599 2888 444
621 2853 646 2889 a.
671 2835 737 2889 Chr.
761 2853 789 2888 n.
810 2835 870 2889 sive
890 2834 998 2905 Olymp.
1013 2836 1163 2906 LXXXIV,
1188 2841 1212 2904 1,
1229 2832 1338 2906 ροοὶριο

219 2937 291 2972 enno
308 2918 383 2971 illum
400 2918 522 2971 Thurios
539 2919 672 2988 migrasse
684 2936 770 2990 supra
784 2921 916 2988 dirimus3
938 2921 1053 2974 alterum
1067 2920 1138 2975 illud
1154 2930 1214 2989 est,
1239 2915 1338 2990 quodie

218 3003 354 3058 Herodoti
381 3021 464 3073 opere
489 3003 579 3055 adbuc
602 3005 754 3074 superstite
779 3005 859 3075 plura
874 3004 1055 3060 inveniuntur
1077 3008 1198 3074 tradita,
1214 3002 1339 3078 qnaepeel

219 3088 291 3142 illem
302 3086 499 3153 recitationem,
515 3087 539 3140 si
556 3087 664 3158 quidem
680 3107 713 3142 ea
727 3098 791 3143 ente
805 3108 906 3144 annum
920 3095 973 3145 444
987 3100 1052 3145 ente
1069 3092 1138 3145 chr.
1158 3111 1186 3144 n.
1203 3090 1289 3145 babitu
1301 3090 1337 3147 dl

219 3172 389 3226 acciderunt.
418 3173 460 3225 De
479 3172 580 3225 Sitalce
600 3191 688 3227 sermo
711 3181 755 3228 est
775 3175 823 3244 IV,
845 3178 880 3230 30
902 3182 930 3229 et
949 3175 1012 3242 VII,
1034 3180 1099 3233 137:
1125 3194 1183 3248 quo
1208 3177 1265 3229 loco
1287 3184 1336 3243 qw

220 3263 471 3324 commemorentur,
489 3275 521 3311 ea
535 3257 676 3331 incidunt,
697 3267 729 3311 ut
747 3259 774 3312 in
787 3261 861 3313 notis
876 3261 910 3314 ad
925 3259 951 3315 h.
971 3260 989 3314 l.
1005 3261 1170 3327 monuimus,
1186 3262 1215 3314 in
1230 3274 1290 3313 ann.
1303 3256 1339 3309 439

220 3351 284 3398 ante
300 3344 367 3396 cur.
389 3361 417 3395 n.
436 3341 558 3412 (Olymp.
574 3342 735 3411 LXXXVII,
751 3344 797 3413 3);
817 3362 888 3416 quae
910 3351 1059 3399 narrentur
1080 3346 1143 3415 VII,
1165 3350 1217 3402 233
1240 3345 1272 3398 de
1284 3341 1339 3394 ua

220 3431 353 3483 banorum
374 3428 549 3498 expeditione
569 3426 598 3479 in
613 3427 756 3496 Plataeas,
779 3430 933 3499 pertinent,
955 3437 987 3483 ut
1007 3432 1042 3483 ed
1062 3430 1088 3483 Ιι.
1110 3430 1128 3485 l.
1145 3430 1304 3493 monuimus,
1315 3421 1341 3476 ul

221 3531 321 3567 ennurn
335 3517 384 3570 431
403 3518 467 3567 ante
481 3513 547 3566 Chr.
566 3532 603 3584 n.,
616 3513 649 3567 ad
666 3529 745 3583 quem
759 3514 874 3569 eundem
886 3514 1039 3583 retulimus,
1056 3533 1127 3587 quae
1141 3514 1294 3569 deDecelee
1304 3505 1341 3569 lt

221 3601 255 3654 73
271 3598 334 3670 (ubi
348 3598 405 3652 vid.
421 3596 504 3672 nott.)
518 3599 691 3666 efferuntur3
708 3598 770 3667 alia,
788 3617 859 3669 quae
873 3600 907 3652 ed
923 3599 987 3653 belli
997 3599 1227 3671 Peloponnesiaci
1240 3607 1343 3666 temper!

222 3687 364 3753 spectent,
380 3683 535 3737 invenimus
551 3682 670 3736 indicate
687 3683 720 3747 V,
740 3686 774 3738 76
796 3689 824 3737 et
838 3689 881 3739 77.
899 3685 951 3752 III,
966 3685 1073 3754 49111,
1094 3686 1140 3743 98.
1162 3685 1227 3753 VII,
1247 3686 1300 3747 lot,
1317 3675 1342 3728 tl

225 3785 297 3840 qnos
312 3767 387 3820 locos
402 3766 458 3820 vid.
478 3774 547 3821 nott.
583 3769 683 3839 Neque
704 3787 769 3823 vero
786 3768 839 3823 huc
858 3770 958 3824 reterri
971 3788 1065 3840 posse,
1080 3787 1153 3841 quae
1169 3771 1203 3824 de
1219 3769 1342 3836 ennea

223 3852 276 3921 III,
294 3854 335 3921 15,
350 3858 379 3905 et
395 3852 417 3920 I,
434 3855 485 3908 139
499 3853 533 3906 de
549 3853 650 3921 Medis,
662 3854 710 3925 qai
725 3871 741 3907 a
755 3854 839 3908 Dario
862 3855 1038 3924 deiecerunt,
1055 3856 1216 3923 traduntur,
1239 3855 1266 3907 in
1287 3852 1342 3902 nott

293 4032 319 4099 *1
332 4034 362 4085 C.
376 4037 425 4088 Fr.
431 4035 573 4086 Hermann
586 4035 651 4099 (vid.
660 4037 826 4103 T.11.p.207
839 4036 986 4101 educata)
999 4028 1342 4108 posuitolympuxxxm.

225 4102 241 4154 3
253 4105 312 4154 sive
325 4101 376 4154 446
388 4107 452 4153 ante
472 4103 535 4153 Chr.
549 4119 590 4153 m:
609 4119 662 4168 quo
676 4120 747 4155 anno
766 4120 826 4156 curu
838 4105 975 4156 Eusebius
986 4104 1102 4159 Athenis
1118 4104 1205 4156 libros
1217 4117 1277 4154 suos
1287 4111 1342 4149 rect·

226 4177 301 4222 tasse
320 4171 488 4222 Herodotum
506 4177 605 4236 ponet,
623 4170 651 4222 id
670 4173 704 4222 ad
717 4171 889 4240 Olympicum
907 4174 1100 4225 recitationem
1117 4173 1166 4224 ille
1183 4170 1277 4223 referri
1287 4162 1342 4217 vuli·

224 4240 380 4304 Lahmeyer
393 4239 445 4302 (De
458 4238 724 4299 libelliPlutarchei,
743 4242 789 4305 qui
807 4241 841 4291 de
857 4241 1033 4308 malignitate
1042 4242 1177 4293 Herodoti
1195 4236 1342 4292 inscribitur.

228 4309 393 4359 auctoritate
411 4325 437 4374 p.
460 4306 500 4367 15)
520 4323 579 4357 cum
591 4308 717 4374 Kriigero
728 4309 834 4358 mavult
846 4325 946 4360 annum
958 4311 1047 4376 ipsum
1059 4310 1110 4359 444
1123 4315 1187 4360 ente
1200 4308 1261 4359 Chr.
1272 4320 1296 4354 ιι.
1304 4315 1342 4367 ριν

226 4390 302 4440 nere,
315 4392 366 4442 quo
379 4376 508 4427 recitotIo
521 4375 667 4442 Olympiae
678 4375 778 4426 hahita
788 4376 832 4427 sit.
