2900 5122
420 341 683 405 CALLIOPE.
707 345 767 406 IX.
789 353 922 410 ot-so.
1174 352 1236 412 317

176 511 364 605 Ἀρτάβαζος
388 516 425 585 δὲ
448 510 466 585 ὁ
486 515 677 605 Φαρνάκεος
700 512 820 587 αὐτίκα
842 545 878 587 τε
901 514 963 587 ούκ
986 513 1140 609 ἠρέσκετο
1164 514 1233 587 κατ’
1243 524 1283 586 66

118 611 201 705 άρχάς
222 620 418 707 λειπομένου
442 623 640 707 Μαρδονίου
663 615 728 689 άπὸ
752 621 919 709 βασιλέος,
949 622 1003 688 καὶ
1031 618 1105 690 τότε
1133 617 1237 688 πολλὰ

117 713 316 808 ἀπαγορεύων
333 714 436 788 ούδδν
453 716 553 808 ἤνυε,
572 719 777 809 συμβάλλειν
794 716 856 791 oda
875 716 954 791 ἐῶν
974 717 1110 810 ἐποίησέ
1125 748 1161 789 τε
1178 717 1237 789 αύ-

118 815 160 899 vde
174 818 297 910 τοιάδε,
317 814 363 902 ὥς
379 815 443 891 ούκ
459 816 677 911 ἀρεσκόμενος
695 838 780 892 τοῖσι
798 820 966 913 πρήγμασι
982 839 1068 894 τοῖσι
1087 826 1122 892 ἐκ
1140 810 1236 911 Map-

118 924 215 991 dovt'ov
237 926 471 1012 ποιευμένοισι.
513 926 581 993 τῶν
606 922 800 1015 ἐστρατήγεε
824 919 842 993 ὁ
869 920 1061 1014 Ἀρτάβαζος
1093 923 1175 1014 (εἷχε
1200 926 1237 994 δὲ

119 1019 243 1114 δύναμιν
264 1020 328 1093 αύκ
350 1019 485 1112 ὀλίγην,
508 1019 592 1094 istd
615 1028 671 1095 καὶ
690 1030 722 1106 ές
744 1028 900 1116 τέσσερας
923 1025 1087 1117 μυριάδας
1105 1020 1238 1116 άνθριύ-

117 1127 263 1215 σουπερὶ
283 1123 442 1215 ἑωυτόν),
460 1123 614 1215 τούτους,
637 1123 722 1208 ὅκως
740 1124 890 1217 συμβολὴ
908 1130 1050 1217 ἐγένετο,
1075 1118 1117 1197 εύ
1135 1130 1237 1210 έξειιι·

117 1223 256 1314 στάμενος
273 1225 314 1297 τά
332 1233 448 1316 ἔμελλε
464 1223 695 1317 ἀποβήσεσθαι
713 1225 778 1299 dead
794 1232 852 1318 τῆς
869 1228 991 1319 μάχης,
1016 1226 1069 1318 ἥτε
1086 1256 1237 1319 κατηρτι-

117 1472 156 1507 sus
173 1460 280 1526 propria
305 1475 338 1511 ao
365 1459 494 1511 sollemni
518 1460 639 1528 appella·
693 1468 721 1513 et
743 1462 777 1512 ad
795 1461 880 1512 verba
897 1453 955 1513 άπὸ
976 1455 1105 1529 βασιλέος
1125 1468 1237 1527 propter

118 1525 190 1589 tioue;
209 1543 369 1594 quamquam
383 1530 467 1579 etiam
480 1528 512 1579 de
524 1530 640 1580 aliorum
691 1544 768 1580 ristun
786 1531 999 1596 praepositionis
1022 1531 1095 1580 oonf.
1114 1534 1182 1579 nott.
1202 1531 1236 1579 ad

117 1592 210 1644 deorum
227 1596 373 1646 dearumve
392 1597 500 1662 templis
518 1598 545 1646 id
558 1614 639 1648 voea-
692 1597 919 1661 11,54.V11,10·2.
939 1599 1017 1659 Quod
1030 1588 1235 1662 sequituroirra-

117 1660 193 1711 bulum
206 1663 327 1713 adbiberi
341 1664 488 1714 ostendunt
500 1665 640 1731 Euripidis
692 1659 818 1729 γορεύων
841 1666 1026 1729 (dissuadens),
1053 1667 1099 1715 vis
1123 1664 1236 1714 multum

117 1726 159 1778 1οεί
173 1730 200 1778 in
216 1730 395 1781 Andromach.
413 1730 456 1782 43.
477 1732 549 1784 1157.
567 1733 640 1799 lphi-
692 1732 785 1783 differt
797 1732 832 1782 ab
845 1724 907 1782 ούιι
922 1726 996 1794 ἐῶν,
1011 1733 1044 1781 de
1059 1744 1111 1797 quo
1124 1734 1236 1797 saepius

116 1797 359 1859 geu.'1'sur.4l.66.
371 1799 472 1849 Troad.
487 1800 527 1851 15.
539 1801 597 1853 Iou.
607 1800 640 1851 bb
692 1802 746 1850 iarn
765 1801 930 1862 monuimus,
952 1800 1007 1850 vid.
1021 1801 1100 1851 inodo
1117 1805 1185 1876 nptt.
1201 1799 1236 1848 ad

117 1864 313 1917 sVelekenario
326 1867 452 1917 excitati.
481 1869 524 1918 De
538 1869 641 1919 Cereris
692 1868 729 1925 V,
745 1866 787 1918 36.
809 1869 861 1930 IX,
881 1868 910 1929 λς
935 1868 970 1918 ad
992 1868 1104 1918 verbum
1125 1882 1235 1932 αιταγο-

116 1938 191 1996 euplo
203 1935 254 1984 vid.
264 1935 363 1985 Athen.
374 1935 406 1985 V.
416 1951 480 2001 pag.
489 1935 579 1987 2131).
593 1936 639 1987 IV.
692 1930 784 1998 ρεύαν
796 1936 868 1986 conf.
882 1936 937 1998 ΙΙΙ,
954 1935 1011 1985 124.
1028 1935 1082 1985 128.
1096 1935 1162 1998 VII,
1179 1933 1235 1984 149.

116 2013 167 2065 pag.
181 2000 259 2051 ldssF.
277 2008 307 2052 et
318 2002 446 2053 Oreuzer.
459 2003 578 2067 symbol.
591 2005 639 2055 IV.
691 2061 693 2064 ⁴
725 1995 762 2061 aie
785 1993 837 2054 ούκ
858 1994 1047 2068 άρεσιάμενος
1069 2004 1142 2053 τοῖσι
1165 1999 1235 2068 πρη-

117 2067 561 2135 pag.338seq.-caeterumhoc
575 2087 639 2137 quo·
691 2070 789 2136 γμασι]
818 2072 860 2120 De
878 2077 1017 2121 structura
1037 2072 1092 2121 vid.
1112 2074 1181 2120 nott
1200 2070 1235 2120 ud

117 2148 158 2197 que
169 2151 199 2186 es
211 2136 272 2188 loeo
282 2139 426 2204 scriptoris
435 2139 528 2188 Nostri
538 2142 641 2190 eminet
693 2140 753 2199 VII,
770 2138 825 2189 160.
837 2140 886 2199 ΙΙΙ,
898 2138 931 2189 34
944 2139 1019 2189 etde
1031 2153 1081 2189 usu
1113 2138 1235 2203 raeposi·

116 2200 191 2265 pietas
202 2219 233 2255 ue
245 2206 363 2256 studium
375 2220 464 2255 rerum
477 2206 638 2268 divinarum,
691 2207 774 2257 tionis
798 2199 828 2256 έιι
847 2208 875 2256 in
892 2207 986 2256 verbis
1008 2196 1043 2257 έκ
1096 2203 1235 2271 αρδοκίου

117 2284 159 2333 quo
170 2271 222 2337 ipso
234 2288 302 2322 sane
315 2271 361 2322 ille
373 2273 535 2339 vulgaribus
547 2289 641 2339 super·
692 2279 760 2323 nott.
775 2274 810 2323 ad
822 2274 862 2335 11,
878 2273 935 2323 148.
949 2274 1014 2333 VII,
1032 2272 1087 2322 175,

117 2338 254 2391 stitiouibus
277 2340 359 2405 longe
381 2343 506 2406 superior
526 2342 640 2404 exstitit,
727 2330 772 2407 η’ϊε
796 2334 1026 2407 κατηρτισμένος]
1055 2330 1102 2406 ἤϊε
1131 2340 1236 2390 dabant

118 2418 213 2472 eumque
236 2410 324 2474 ipsam
349 2409 484 2473 puriorem
505 2408 585 2459 fidem
606 2410 640 2460 de
692 2408 847 2471 Medioeus,
870 2408 1058 2470 Florentiuus,
1078 2404 1141 2484 οΙὶξς
1165 2408 1235 2471 quod

118 2471 641 2534 deosedivIneiustitia,inomuibusre-
693 2476 811 2526 enimin
829 2476 893 2526 aliis
911 2476 1095 2526 coddexstut
1111 2489 1177 2540 ηγε,
1207 2475 1234 2523 id

118 2537 158 2590 bus
167 2542 285 2594 humanis
299 2544 449 2609 conspicua
464 2559 579 2609 eosque,
595 2545 641 2610 qui
692 2560 725 2593 ex
738 2544 982 2609 interpretamento
994 2542 1104 2592 duxisse
1115 2543 1235 2598 credam.

118 2622 187 2670 praru
196 2618 286 2676 agant,
295 2616 485 2676 prosternente
496 2626 556 2661 eum
563 2612 641 2678 vulgi
692 2627 744 2676 quo
757 2612 883 2661 nimirum
894 2612 1043 2671 haberent,
1060 2611 1094 2660 ad
1110 2610 1179 2675 quod
1192 2625 1234 2659 re-

119 2676 272 2739 opiuiouibus
282 2680 353 2729 bene
365 2678 527 2730 conciliavit
540 2682 639 2729 eumin
691 2679 795 2728 ferrent
806 2694 997 2745 praegressum
1014 2673 1144 2737 τούτους,
1164 2678 1235 2742 quod

119 2744 215 2808 modum,
227 2753 256 2796 ut
265 2747 350 2797 animi
360 2749 485 2812 graviter
494 2747 640 2797 aifioeren-
691 2761 752 2795 eum
763 2747 797 2796 ad
806 2740 1116 2811 παραγγείλας-ἰέναι
1127 2738 1237 2802 πάντας

119 2814 153 2859 tm
162 2818 235 2879 utque
248 2815 282 2865 ab
296 2816 369 2865 omui
381 2816 513 2880 superbia
528 2821 556 2866 et
568 2830 639 2880 quae
690 2815 794 2864 referre
804 2814 946 2881 difficilius
955 2814 1237 2878 videreturScbweig·

120 2877 168 2929 inde
189 2884 305 2933 exoritur
324 2883 467 2949 impietate
488 2883 640 2933 retinereu·
690 2882 834 2945 boensem,
845 2882 943 2932 maluit
953 2882 1000 2932 ille
1011 2882 1114 2932 referre
1125 2883 1159 2931 ad
1169 2897 1235 2931 κατ-

121 2950 159 2995 tur.
184 2948 258 3000 Cous.
275 2956 344 3001 nott.
364 2950 400 3000 ud
416 2950 481 3014 VII,
505 2950 559 3000 129.
582 2950 637 3002 133.
690 2944 866 3015 ηρτισμένος,
889 2966 985 3000 vereor
1005 2956 1036 3000 ut
1055 2954 1145 3000 reete:
1171 2949 1235 3014 quid

123 3010 165 3063 Ιδδ.
175 3016 248 3081 vul,
261 3017 288 3067 8.
301 3018 344 3067 77.
373 3018 475 3083 Attigit
490 3018 561 3069 haee
574 3034 640 3084 quo·
691 3019 763 3067 enirn
773 3018 830 3067 sibi
839 3018 908 3068 velit
919 3013 1037 3076 τούτους
1052 3015 1234 3084 αατηρτισμέ·

122 3094 160 3143 qus
178 3084 281 3151 Runge:
305 3086 444 3136 Herodoto
468 3086 642 3137 Verhtiltniss
693 3100 742 3143 τος
751 3092 779 3136 et
789 3101 841 3150 quo
851 3102 932 3137 seusu
946 3087 972 3135 id
984 3086 1175 3150 accipiendum
1188 3088 1235 3149 sit,

121 3161 166 3197 itm
177 3153 334 3215 griechiseh.
349 3153 556 3219 Volksglaubeu
570 3154 641 3215 (Hil-
693 3154 817 3219 equidem
831 3154 904 3203 haud
913 3154 1059 3219 perspicio.
1076 3152 1134 3203 Neo
1145 3156 1235 3219 magis

122 3214 220 3269 desbeim
238 3220 313 3285 1856)
331 3237 395 3287 pag.
411 3220 437 3271 β.
473 3221 514 3271 Ad
532 3214 580 3273 tut
597 3237 640 3272 το·
692 3222 862 3287 probo,quod
875 3220 1235 3285 idemgohweighaeuserus

122 3282 187 3336 τοῦτο
197 3290 266 3339 sons.
278 3294 347 3341 uott.
360 3290 395 3340 ad
407 3290 470 3350 VII,
484 3288 513 3340 ll
528 3288 572 3340 fin.
692 3291 721 3338 iu
731 3289 836 3339 Lexieo
846 3289 1001 3339 Herodoteo
1010 3289 1048 3338 ΙΙ.
1057 3288 1161 3353 pagus
1173 3304 1234 3352 pro·

691 3361 754 3422 pter
770 3357 903 3408 Herodoti
924 3356 1013 3406 locum
1031 3356 1090 3413 ΙΙΙ,
1112 3354 1147 3403 80
1169 3354 1234 3418 (κῶς

276 3456 345 3510 cm
363 3459 460 3510 LXVI.
693 3415 722 3474 d'
734 3412 773 3474 άν
791 3421 837 3542 εἴη
855 3417 1235 3542 χρημαιᾶιατίηρῖὶημέγον

125 3619 130 3630 Ι
151 3543 297 3624 Ἀρτάβαζος
320 3553 353 3610 δὲ
371 3586 403 3595 -
420 3550 474 3610 ούκ
490 3548 638 3629 ἠρέσκετο]
690 3491 1234 3626 δδῗδνοέιρακιρδδδδίιύδΙλῘδέιυέέοοέέοθδδδῃ

124 3626 314 3677 ternadena
330 3644 380 3677 non
397 3635 528 3678 contentus
541 3630 639 3692 fuerat,
691 3628 793 3678 rentini
812 3628 917 3678 codicis
939 3634 968 3677 et
986 3627 1100 3677 aliorum
1118 3642 1233 3691 quorun·

124 3688 231 3744 Artaba-o
241 3698 326 3745 stertire
342 3696 374 3745 ab
391 3699 462 3747 initio
475 3712 525 3747 non
535 3701 638 3761 placue-
691 3696 754 3746 dam
766 3688 992 3762 κατηρτημένος,
1006 3710 1086 3759 quum
1100 3695 1140 3744 sie
1152 3695 1235 3745 iuter·

124 3760 543 3837 'drifoedoniwaretinquiarepe
567 3765 639 3815 Seri·
690 3768 827 3829 pretatur:
846 3763 929 3827 „dem
945 3763 1083 3827 composito
1099 3764 1189 3812 ordine
1207 3763 1234 3811 id

124 3825 155 3885 1)ῦὶ
167 3823 304 3893 uodonem,
324 3831 395 3896 quod
411 3832 588 3882 Florentinus
606 3848 639 3883 ee
692 3837 735 3881 est
747 3838 807 3896 apte
823 3832 942 3882 ordinato
960 3836 1091 3891 exercita,
1110 3834 1234 3880 instructa

124 3892 238 3948 baueroiti
248 3897 320 3949 liber
332 3915 392 3949 eum
403 3899 468 3949 aliis
478 3900 639 3965 praebebat,
690 3902 746 3950 acie
758 3914 918 3966 progressus
931 3899 1001 3948 est.“
1024 3898 1157 3962 Equidem
1173 3914 1234 3947 eum

123 3972 159 4021 pro
168 3963 271 4030 vulgatu
280 3960 430 4031 α’ρέακετο,
449 3983 528 4033 quam
543 3968 640 4018 merito
691 3969 811 4018 caeteris
824 3967 973 4017 editoribus
986 3972 1014 4015 et
1025 3966 1159 4032 probante
1169 3966 1236 4015 Bre-

123 4026 214 4080 temnet
224 4033 336 4085 Bredov.
349 4050 415 4100 pag.
426 4034 489 4097 2953
508 4036 541 4086 de
555 4035 640 4101 signi·
691 4035 772 4085 dorio
790 4052 817 4101 p.
830 4036 863 4084 75
876 4034 938 4084 coll.
951 4033 1014 4095 292,
1034 4035 1079 4098 qui
1098 4046 1234 4098 κατηρτη-

123 4090 228 4149 flestioue
246 4108 273 4151 et
284 4107 423 4153 structura
435 4104 513 4153 verbi
525 4095 640 4168 α’ρέσκε-
690 4097 776 4169 μένος
795 4102 897 4153 emula
913 4104 968 4152 seri
989 4107 1049 4151 tura
1067 4106 1154 4151 ortum
1167 4101 1233 4162 vult,

122 4160 179 4213 ὕδει
193 4167 244 4217 dixi
261 4169 295 4219 ad
311 4170 380 4234 VII,
400 4169 448 4220 160
465 4176 493 4220 et
510 4172 544 4221 de
560 4173 640 4221 Arta·
690 4171 791 4221 retinui
809 4119 1028 4236 κατηρτισμέδος
1052 4170 1133 4233 idque
1149 4167 1234 4218 iuter·

123 4226 178 4280 bue
188 4235 222 4284 oi.
234 4236 284 4299 lx,
297 4236 339 4287 41.
354 4264 386 4272 -
404 4239 436 4287 Ια
454 4253 529 4305 seqq.
549 4239 584 4289 ad
601 4238 640 4289 lo·
691 4244 795 4304 pretorz
815 4239 876 4288 bene
889 4244 1038 4298 instructus,
1052 4237 1115 4286 bene
1123 4242 1234 4299 paratus·

122 4298 238 4352 tutionem
253 4296 318 4355 κατ’
329 4295 421 4371 α’ρχδς
442 4308 515 4357 oonf.
529 4307 595 4368 vn,
608 4304 642 4354 88
692 4306 776 4370 (conf.
791 4306 825 4355 de
838 4307 898 4372 ipso
911 4302 1231 4366 respondeamus&
