2952 5156
386 416 591 476 unium.
616 417 704 477 vsu.
728 426 861 480 ιιι-ω.
1141 394 1191 483 ὀι

76 603 171 674 solos,
192 584 299 676 φυγάς
322 614 358 657 τε
376 589 432 657 καὶ
449 586 538 677 παρὰ
557 586 704 677 Μήδοισι
729 586 861 677 λόγιμος
884 585 1060 679 γενόμενος
1077 591 1195 661 τοῦτον

75 686 125 759 τὸν
143 687 275 779 χρόνον,
301 693 431 759 ἐπείτε
454 692 597 778 ἐκείρετο
619 684 640 778 ἡ
660 687 787 778 Ἀττικῆ
811 689 901 781 χώρη
926 686 991 761 ὑπὸ
1013 695 1074 762 τοῦ
1096 698 1196 778 πεζοι]

74 794 201 878 στρατοῦ
222 795 283 861 τοῦ
303 788 449 879 Ξέρξεω,
479 794 578 862 ἐοῦσα
608 794 727 881 ἐρῆμος
747 788 953 881 Ἀθηναίων,
981 811 1095 883 τυχεῖν
1123 793 1195 865 τότε

76 889 128 961 isio
147 889 213 982 ἅμα
229 891 420 985 Δημαρήτῳ
442 896 489 986 τῷ
506 899 759 985 Λακεδαιμονίῳ
784 897 884 987 ἐντῷ
907 904 1055 989 Θριασίῳ
1073 903 1193 990 πεδίῳ·

74 1000 147 1064 idolo
169 996 206 1065 δὲ
222 991 397 1085 κονιορτὸν
419 997 584 1085 χωρέοντα
606 990 670 1065 und
691 991 892 1082 Ἐλευσῖνος,
918 992 962 1078 ὦς
979 993 1114 1088 ἄνδρων
1135 996 1195 1089 μά-

73 1094 152 1165 1ισια’
173 1124 213 1184 κη
236 1103 458 1185 τρισμυρίων·
477 1092 732 1186 ἀποθαυμάζων
755 1101 794 1167 τί
808 1119 913 1188 σφεας
930 1095 988 1169 τὸν
1011 1097 1194 1190 κονιορτὸν,

71 1194 160 1269 ὅτεών
181 1225 256 1268 κοτε
275 1207 327 1287 εἴη
344 1194 555 1290 ἀνθρώπων,
580 1202 635 1268 καὶ
653 1197 813 1290 πρόκατε
830 1204 946 1290 φωνῆς
963 1197 1116 1290 ἀκούειν,
1139 1209 1199 1273 καί

70 1403 136 1463 parte
158 1399 332 1449 excitaverat
354 1399 442 1449 Οιιαι.
466 1401 495 1449 in
520 1398 598 1449 Com·
650 1401 719 1449 rium
731 1400 867 1465 Daphnae
885 1401 966 1451 situm
984 1407 1038 1465 est,
1063 1402 1134 1453 uude
1148 1404 1195 1454 via

69 1470 150 1515 neutt
162 1466 282 1517 Herodd.
297 1483 323 1532 p.
336 1465 396 1519 234.
651 1484 725 1518 mare
735 1483 831 1518 versus
842 1469 999 1519 descendit:
1010 1470 1064 1531 „ad
1075 1470 1139 1520 litus
1149 1473 1194 1522 de·

97 1524 154 1584 ίτεί
167 1549 195 1585 τι
213 1525 341 1598 ἐκείρετο
358 1550 384 1584 ιι.
398 1550 421 1585 τ.
436 1532 473 1601 1.]
499 1534 600 1601 Attigit
651 1536 793 1586 scendenti
811 1536 1108 1597 (suutrerbsPrelleri
1122 1539 1192 1601 1.1.),

70 1601 179 1651 Eustath.
192 1603 227 1652 ad
239 1603 285 1653 Ili.
299 1618 365 1668 pag.
377 1600 441 1665 384,
455 1602 488 1653 25
500 1618 522 1653 s.
533 1619 597 1669 pag.
651 1620 704 1668 quo
721 1603 782 1655 loco
798 1605 907 1654 Eleusis
925 1606 1039 1671 primum
1058 1609 1194 1672 conspici-

69 1669 109 1717 llo
121 1669 164 1719 lin.
651 1680 708 1733 tur,
722 1672 857 1722 convallis
871 1673 1008 1738 excipitur
1020 1675 1121 1738 angrslo
1139 1691 1195 1724 me·

95 1740 182 1802 ινχεῐν
197 1734 261 1790 τότε
280 1729 345 1803 ἐών]
364 1738 451 1789 Recte
464 1739 558 1805 Viger.
572 1756 598 1805 p.
650 1739 781 1789 ridionali
799 1741 889 1806 campi
905 1741 1040 1803 Thriasii,
1063 1757 1134 1806 quae
1153 1757 1194 1792 re·

68 1803 120 1853 sor:
139 1808 203 1857 uicit
221 1822 251 1858 sc
268 1813 322 1856 tum
338 1807 411 1869 forte
430 1807 520 1869 fuisse.
556 1808 599 1858 De

72 1872 170 1925 l'lrlosio
193 1891 309 1941 campo,
340 1875 386 1939 qui
410 1875 445 1925 ab
470 1874 599 1926 Eleusine

68 1940 194 1992 Boeotiam
215 1957 317 1993 versus
339 1948 468 1992 extensus
488 1943 599 1993 multum

69 2010 143 2072 patuit
167 2011 298 2076 beneque
325 2010 447 2061 discerni
476 2011 559 2060 debet
583 2027 599 2061 s

69 2092 150 2142 campo
171 2080 285 2141 libano,
311 2078 359 2142 qui
381 2080 470 2128 minor
493 2080 600 2130 ambitu

70 2145 209 2196 intermare
226 2153 256 2197 et
276 2146 379 2196 collem
396 2145 485 2209 illum,
505 2148 533 2196 iu
547 2162 598 2212 quo

69 2226 107 2262 ars
120 2214 259 2265 Eleusinia
279 2215 369 2264 fnisse
387 2214 487 2273 fertur,
505 2221 599 2265 exten-

69 2278 177 2343 debatur,
193 2283 250 2333 vid.
263 2284 424 2347 interprett.
443 2281 478 2331 ad
491 2282 598 2345 Thucy-

70 2346 112 2397 did
121 2349 159 2411 11,
174 2349 203 2400 18
220 2351 276 2409 (ed.
294 2351 396 2415 Poppo.
410 2350 437 2408 1,
449 2352 474 2400 2.
487 2366 514 2415 p.
527 2350 598 2413 256).

70 2414 167 2467 Prusae.
178 2420 203 2479 I,
214 2417 258 2469 38.
269 2420 299 2479 §-
308 2415 333 2467 o.
349 2417 449 2468 Herod.
460 2418 511 2479 IX,
523 2418 539 2466 7
551 2418 597 2468 lin.

71 2482 142 2534 Strah.
154 2486 200 2537 lx.
213 2503 239 2552 p.
253 2484 317 2536 305.
335 2484 475 2537 Plutarch.
489 2485 598 2536 Themi-

72 2552 175 2604 stocllo.
188 2555 289 2619 Pelop.
298 2552 322 2603 8.
335 2554 412 2603 Arat.
422 2551 469 2605 33:
483 2569 554 2619 quae
565 2570 598 2604 ex

72 2624 131 2681 porte
151 2622 205 2671 iam
224 2621 325 2672 attulit
341 2620 461 2671 Sinteuis
483 2622 518 2671 ad
535 2622 598 2670 Plu-

73 2687 139 2738 trrch.
147 2688 329 2741 Themistocl.
340 2688 431 2754 plus.
445 2688 597 2740 Of.Kruse:

75 2752 149 2805 Rebas
161 2758 186 2817 1,
199 2760 226 2807 2.
243 2773 315 2825 pag.
330 2754 379 2806 118
391 2772 448 2822 seq.
469 2755 530 2814 180,
553 2759 599 2823 qni

75 2828 127 2873 reete
147 2825 246 2876 lirim
264 2823 375 2890 δῆμον,
394 2824 466 2874 unde
483 2824 598 2876 Thriasio

74 2904 149 2956 rampo
170 2909 287 2955 nomen,
314 2909 347 2943 eo
371 2892 433 2944 loco
456 2894 598 2944 exstitisse

73 2960 143 3020 ponit,
163 2977 215 3027 qno
237 2978 252 3012 e
276 2961 409 3011 faucibus
431 2961 477 3025 qui
493 2962 599 3027 egressi

73 3032 119 3075 sont
128 3044 198 3080 mare
210 3043 313 3081 versus
323 3028 531 3087 descendentes,
545 3030 598 3078 rni-

72 3107 109 3143 urs
122 3097 248 3160 quasdam
267 3097 447 3162 conspiciunt
466 3097 494 3146 in
511 3096 599 3163 plani·

72 3161 166 3214 tisinde
177 3170 323 3231 porrecta:
346 3179 429 3229 supra
441 3165 599 3215 Eleusinem

73 3226 92 3276 ir
101 3232 182 3282 medis
194 3232 329 3298 planitie,
344 3232 405 3282 loco
419 3232 454 3281 ah
467 3233 599 3284 Eleusine

72 3305 156 3349 uncto
170 3301 259 3352 trihus
281 3299 449 3350 milliaribus
465 3299 599 3366 Anglicis,

72 3378 112 3425 quo
132 3367 215 3419 adhuc
239 3370 341 3419 ruinae
364 3367 499 3432 quaedam
520 3384 599 3433 repe-

72 3430 172 3497 riuntur,
193 3437 297 3501 quibus
313 3451 412 3487 nomen
426 3435 544 3500 Mopulc,
564 3436 599 3485 ad

71 3496 161 3551 heram
182 3506 273 3570 ripam
301 3503 428 3568 Cephissi
452 3502 601 3563 (Suranda-

72 3570 146 3629 ooro]‚
167 3572 281 3622 Thriam
307 3571 385 3636 ponit
406 3570 516 3621 Leuke:
546 3571 598 3621 Die

72 3632 174 3688 Themen
188 3641 312 3690 Attica's
335 3655 399 3704 pag.
419 3637 467 3688 146
489 3655 504 3689 e
526 3654 597 3689 vers.

72 3699 269 3757 Wcstermanni:
294 3708 383 3757 minus
400 3707 497 3772 opinor
512 3712 598 3769 reete,

72 3773 95 3818 ut
104 3774 164 3824 satis
176 3774 377 3825 demonstravit
388 3774 502 3834 Preller‚
516 3790 598 3825 aceu-

73 3843 120 3889 rae
130 3841 162 3891 de
172 3841 215 3893 his
230 3858 372 3909 exponens
386 3842 414 3892 in
423 3843 561 3908 Disputat
571 3843 599 3893 11

73 3902 149 3958 deria
164 3925 244 3961 sacra
257 3910 385 3976 (Dorpat
403 3908 486 3973 1841.)
505 3926 568 3976 pag.
582 3910 599 3959 8

74 3984 118 4038 loq.
148 3977 199 4038 Qui
216 3980 291 4029 enim
307 3978 424 4028 Athenis
440 3976 599 4028 Eleusinem

74 4041 277 4109 proficiscuntur,
296 4045 397 4107 colles,
416 4046 514 4111 quibus
526 4061 599 4095 cam-

73 4121 113 4184 pus
124 4111 297 4165 Atheniensis
314 4130 332 4163 a
348 4113 478 4164 'l'hriaeio
498 4113 599 4163 disiun-

75 4180 144 4238 gitur,
155 4181 212 4232 sivo
225 4183 318 4247 iugum
330 4181 413 4241 illud,
430 4181 501 4246 quod
513 4185 600 4231 totum

74 4242 173 4308 Aegalei
183 4264 284 4299 nomen
295 4250 395 4312 habet,
411 4265 540 4314 superare
553 4248 599 4298 de-

74 4306 129 4385 bent
139 4313 181 4363 vis
193 4332 241 4380 per
253 4323 386 4382 angustas
399 4318 496 4367 fauces
508 4317 598 4375 ductb,

74 4390 98 4425 u
117 4381 207 4444 quibus
229 4386 341 4436 summis
367 4400 441 4436 nunc
464 4389 598 4435 monaste·

651 1809 697 1873 gio
722 1823 885 1874 quamquam
909 1823 981 1858 nunc
1006 1808 1129 1859 sterilior
1153 1816 1195 1860 est

651 1876 794 1940 rariusque
807 1875 950 1926 arboribus
962 1876 1083 1937 consita,
1102 1881 1195 1927 tamen

651 1943 716 1993 olim
729 1943 830 1994 fertilis
848 1949 876 1993 et
888 1944 997 1994 cultura
1010 1944 1139 2009 frequens
1152 1946 1195 1995 fn·

650 2014 706 2062 isse
728 2012 849 2062 videtur:
872 2028 935 2062 nam
957 2016 1068 2062 constat
1088 2012 1194 2063 demum

651 2079 805 2130 Thriasium
823 2080 852 2129 in
863 2079 916 2130 hoc
929 2081 989 2146 ipso
1002 2080 1090 2131 litoris
1103 2086 1194 2132 tractu

649 2150 731 2198 situm
744 2149 845 2209 luisse,
863 2148 1063 2199 nobilissimum
1077 2149 1152 2199 illum
1167 2156 1195 2199 et

650 2217 750 2280 priscis
768 2217 934 2280 temporibus
956 2216 1025 2268 adeo
1042 2223 1193 2282 potentem,

649 2289 681 2333 ut
692 2299 790 2333 nomen
807 2298 884 2333 suum
901 2290 930 2333 et
946 2285 982 2334 ad
998 2289 1105 2350 portam
1117 2286 1194 2335 illum

649 2351 826 2411 Athenarum,
841 2367 894 2416 qua
903 2352 932 2401 in
944 2353 1018 2403 viam
1030 2368 1137 2403 sacram
1149 2369 1193 2403 ex·

650 2419 756 2480 ibatur,
780 2422 808 2468 et
831 2420 866 2468 ad
887 2435 1012 2484 campum
1033 2422 1194 2484 patentissi-

650 2502 735 2547 mum,
766 2488 813 2551 qni
842 2487 877 2535 ub
901 2487 1024 2551 hegelen
1049 2503 1135 2552 usque
1160 2489 1195 2538 ad

650 2555 807 2605 Eleusinem
821 2554 950 2619 oppidum
963 2556 1120 2619 porrigitur,
1134 2567 1202 2620 pro·

648 2621 825 2689 pagaverit.“
860 2622 902 2671 Ad
915 2623 1017 2671 exitum
1035 2622 1114 2672 huius
1133 2638 1195 2672 con-

648 2690 745 2752 vallis,
765 2705 835 2755 quae
848 2705 865 2739 a
879 2691 1045 2741 monasterio
1057 2690 1194 2756 Daphnae

649 2758 760 2822 incipit,
789 2758 912 2822 vestigia
940 2757 1074 2821 quaedam
1101 2758 1195 2809 aedifi·

650 2828 754 2876 ciorum
771 2827 945 2890 antiquorum
963 2827 1070 2876 invenit
1082 2825 1196 2876 Fiedler

650 2894 744 2958 (Reios
762 2893 847 2943 durch
860 2893 1064 2944 Griechenland
1083 2895 1104 2946 1.
1123 2910 1148 2959 p.
1161 2893 1195 2944 80

650 2962 734 3026 seq),
753 2976 824 3026 quae
843 2962 878 3011 erl
891 2967 1014 3012 veterem
1027 2961 1139 3012 Thriam
1153 2978 1195 3012 re-

650 3031 723 3080 ferre
737 3030 810 3080 idem
822 3028 895 3089 vult,
913 3030 1020 3080 tristem
1034 3031 1193 3096 adspectum

650 3113 722 3148 nunc
734 3098 868 3163 praehere
880 3097 952 3147 hanc
965 3098 1106 3162 regionem
1119 3098 1195 3148 altir-

649 3181 736 3225 mans,
749 3166 848 3231 quippe
859 3167 930 3230 aqut
940 3166 1113 3228 destitutam
1124 3181 1194 3231 quse

649 3234 675 3283 si
687 3237 858 3298 suppeteret,
882 3233 917 3282 ad
933 3233 1050 3299 priorem
1064 3233 1193 3283 fertilita-

650 3308 706 3351 tem
730 3301 870 3366 regionem
895 3299 995 3351 adduci
1018 3316 1099 3367 posse
1122 3300 1194 3351 idem

651 3369 764 3418 indicat

684 3431 761 3486 ἰδεῖν
779 3428 821 3500 db]
845 3429 878 3486 db
895 3435 968 3485 male
989 3439 1017 3486 in
1032 3435 1194 3501 quibusdam

651 3505 779 3553 omissum
792 3505 893 3554 retinui
904 3503 1045 3553 meliorum
1059 3504 1135 3553 codd.
1148 3520 1194 3554 au-

651 3573 790 3634 ctoritate,
804 3573 925 3636 itemque
936 3571 999 3621 dedi
1009 3564 1130 3634 μιίλισιιί
1142 3588 1192 3635 κη,

649 3640 698 3689 ubi
711 3640 760 3689 alii
773 3654 834 3689 κου
846 3639 891 3690 vel
903 3655 979 3689 που.
996 3640 1039 3688 Τιι
1052 3640 1124 3689 conf.
1138 3641 1194 3689 lle·

649 3708 707 3758 rod.
721 3708 763 3767 11,
777 3708 818 3757 75.
833 3707 884 3769 1v,
901 3707 955 3756 114.
971 3707 1037 3769 VII,
1051 3706 1084 3757 :30
1098 3714 1125 3756 ot
1138 3708 1193 3757 vid.

649 3774 764 3825 Voemel
786 3775 819 3825 de
842 3790 909 3825 voce
929 3770 1052 3840 μάλιστα
1074 3776 1194 3825 numeris

651 3842 747 3892 addita
768 3842 953 3907 disputantem
975 3843 1003 3890 in
1021 3843 1194 3892 Francolurt.

649 3912 856 3973 Programmate
875 3912 940 3960 anui
955 3908 1029 3959 1852.
1043 3926 1105 3975 pag.
1119 3910 1134 3958 7
1148 3927 1194 3975 po-

651 3979 786 4044 tissimum
805 3982 833 4027 et
848 3993 933 4042 seqq·
946 3979 989 4027 De
1005 3978 1066 4043 ipso
1082 3993 1194 4028 nrrmero

650 4045 788 4095 hominnm
801 4047 907 4110 tripinta
916 4047 1005 4095 milium
1013 4044 1068 4097 vid.
1079 4050 1146 4094 nott.
1159 4045 1194 4094 arl

652 4114 688 4171 V,
701 4112 743 4162 87.
779 4113 834 4162 Pro
850 4104 1061 4177 αἰιοθωμιίζων,
1085 4117 1116 4162 ut
1133 4128 1194 4161 curn

651 4180 806 4246 Schweigh.
819 4180 1049 4240 sessiacense,
1064 4179 1194 4229 revocavi

650 4239 879 4312 ἀποθαυμάζων.
914 4248 956 4297 Ad
969 4248 1083 4298 formum
1097 4237 1193 4308 ὅτεων,

651 4331 721 4381 quae
745 4317 829 4366 etiam
849 4315 952 4380 legitur
973 4316 1014 4378 11,
1035 4314 1094 4375 102,
1119 4314 1192 4363 cont.

650 4383 749 4434 Strnre
759 4384 839 4450 Spec.
846 4384 960 4445 Quaest.
971 4382 1004 4433 de
1014 4382 1127 4432 dialect.
1137 4381 1192 4431 He-
