2984 5154
458 304 663 367 URANIA.
687 308 777 368 VIII.
800 317 844 371 51.
868 318 911 370 52.
1215 320 1253 381 71

131 471 252 565 θύρῃσί
269 501 306 544 ιε
328 477 382 544 καὶ
401 473 528 558 ξύλοισι
552 473 719 567 ήμύνοντο
737 477 814 561 τούς
838 479 1005 572 ἐπιόντας,
1029 479 1097 572 ἅμα
1113 485 1175 576 μὲν
1192 481 1254 555 ὑπ’

37 582 38 621 ³
129 572 293 665 ἆσθενείης
310 584 386 665 βίον
403 573 466 648 οὐκ
485 578 729 669 ἐκχωρήσαντες
748 584 780 663 ἐς
797 592 984 674 Σαλαμῖνα,
1004 582 1086 675 πρὸς
1105 586 1142 656 dl
1159 583 1255 658 αὐτοὶ

131 676 289 759 δοκέοντες
313 677 523 771 ἐξευρηκέναι
548 678 584 751 cd
608 681 786 771 μαντήιον,
809 682 845 753 cd
864 680 885 772 ή
904 692 1021 773 Πυθίη
1039 708 1101 777 σφι
1124 694 1252 780 ἔχρησε,

129 777 159 850 td
175 778 306 865 ξύλινον
322 798 429 871 τεῖχος
446 778 619 853 ἀνάλωτον
636 789 789 873 ἔσεσθαι,
817 788 872 854 καὶ
890 780 971 856 αὐτὸ
991 783 1033 876 δή
1050 792 1147 859 τοῦτο
1166 789 1254 860 εἶναι

37 924 38 931 1
128 879 157 952 τό
172 879 398 972 κρησφύγετον
415 881 557 954 needed
581 882 758 974 μαντήϊον,
787 888 843 955 καλ
866 883 907 956 οὐ
930 884 987 968 τοὶς
1012 887 1097 971 νέας.
1145 896 1191 961 Ol
1213 892 1297 961 dl52

126 983 240 1074 Πέρσαι
274 982 416 1074 ἱζόμενοι
452 988 506 1056 ἐπὶ
540 983 598 1057 τὸν
622 994 798 1057 καταντίον
825 991 884 1076 τῆς
911 984 1108 1079 ἀκροπόλιος
1134 988 1250 1082 ὄχθον,

37 1142 39 1159 .
126 1083 174 1156 edo
211 1082 382 1174 Ἀθηναῖοι
417 1085 574 1158 καλέουσι
605 1084 738 1177 Ἀρήιον
763 1086 886 1178 τοῖχον,
932 1089 1143 1183 ἐπολιόρκεον
1177 1091 1250 1183 τρό-

37 1326 39 1335 ,
151 1278 262 1351 θύρῃσι]
284 1285 392 1347 tabulis,
411 1286 552 1349 asserione,
571 1289 602 1334 ιιι
618 1285 652 1346 Π,
705 1279 737 1337 τὸ
756 1279 872 1348 ξύλινον
889 1291 983 1354 τεῖχος
1000 1291 1036 1340 ci.
1051 1289 1139 1341 allata
1153 1292 1189 1341 ad
1200 1293 1249 1355 IX,

37 1374 38 1377 ¹
122 1350 158 1402 bi.
178 1353 281 1403 Monuit
293 1352 550 1418 Schweighaeuser.
575 1353 655 1413 Quod
707 1354 843 1405 15.—nd
856 1372 952 1407 vocem
964 1351 1163 1423 κρησφύγετον
1176 1361 1248 1412 conl.

37 1424 38 1427 ’
122 1421 231 1486 sequitur
246 1410 410 1486 ἠμύνοντο,
429 1426 458 1471 et
474 1420 500 1471 h.
514 1420 531 1470 l.
551 1424 579 1470 et
592 1436 652 1484 cap.

121 1488 160 1547 52,
176 1489 293 1555 accipio:
319 1505 424 1547 arcere,
440 1490 587 1553 propellere
599 1494 651 1537 stu-

121 1555 213 1617 debant,
231 1572 283 1622 qno
300 1557 460 1622 imperfecti
475 1556 517 1605 via
530 1570 563 1605 ac
575 1559 653 1620 pote-

121 1627 169 1674 stas
180 1624 296 1675 eluceat.

148 1682 192 1742 ὑπ’
209 1683 369 1757 deberetne
385 1686 461 1771 βίον]
484 1691 504 1739 i.
523 1706 547 1740 e.
566 1691 597 1741 ob
615 1692 650 1740 oi·

119 1766 165 1809 aas
174 1762 289 1826 inopiam.
318 1758 424 1822 Scripsi
435 1757 592 1823 ατθενιίης
603 1774 652 1824 pro

119 1826 180 1894 vulg.
191 1819 349 1893 ἆσθενίης,
360 1825 416 1876 vid.
429 1830 497 1875 nott.
511 1826 595 1887 adil,
609 1826 650 1888 47,

37 1926 38 1949 1
120 1894 158 1945 nbi
169 1897 260 1947 eadem
277 1893 422 1947 invenitur
434 1892 551 1957 locutio,
570 1910 652 1959 qnam

118 1962 203 2029 Negrie
213 1965 439 2031 Neograecorum
456 1961 587 2011 idiomate
606 1978 651 2012 ex·

119 2031 184 2094 ponit
209 2022 267 2082 α’τιό
295 2026 458 2093 πτωχείαν,
488 2030 513 2079 si
542 2029 652 2094 quidem

37 2132 38 2155 ,
118 2088 231 2165 dolende
244 2098 363 2162 saepius
374 2095 447 2145 idem
459 2096 556 2148 valent
568 2101 652 2162 atque

37 2190 38 2195 =
118 2160 210 2231 πτωχὸς
227 2166 270 2226 (ut
281 2164 362 2227 VIII,
376 2163 434 2215 137.
446 2165 483 2225 ΙΙ,
494 2164 537 2214 47.
555 2165 651 2230 Enrip.

118 2233 197 2300 Iuppi
212 2232 272 2285 ⁴133,
296 2231 406 2282 Electr.
424 2230 506 2296 261).
531 2232 651 2283 Valcke-

118 2303 196 2351 narins
208 2300 281 2352 adh.
297 2299 317 2349 l.
332 2304 479 2364 praeterea
493 2301 602 2351 confert
613 2301 649 2361 II,

117 2366 154 2429 a,
165 2368 208 2418 nbi
220 2362 349 2434 χρήμασι
361 2357 588 2431 α’σθενεστέρονς
598 2369 651 2418 Νο-

118 2442 163 2486 ster
172 2437 237 2487 dicit
247 2439 433 2502 pmspercnlca
447 2437 566 2501 itemque
579 2436 651 2485 Thu-

118 2503 166 2565 cyd.
182 2505 209 2567 1,
230 2505 260 2564 b,
287 2503 359 2555 alia.
395 2503 437 2553 Ad
461 2508 651 2568 argumentum

118 2569 162 2621 loci
172 2573 240 2624 conf.
252 2572 340 2632 VIII,
353 2570 395 2621 40.
408 2571 454 2634 41,
469 2571 517 2620 ubi
528 2573 557 2621 in
570 2570 649 2621 Sala-

120 2640 201 2690 minem
219 2657 248 2691 ee
267 2654 392 2704 suaeque
410 2654 455 2690 res
473 2638 536 2690 illos
555 2644 650 2689 contu-

119 2704 182 2766 lisse,
201 2707 430 2775 aggredientibus
442 2708 549 2769 Persis,
571 2723 649 2757 enar-

119 2780 151 2823 rat
161 2776 324 2827 Herodotus.

143 2836 206 2907 aede
224 2838 269 2912 dl]
290 2845 360 2894 Poet
377 2842 428 2893 bas
445 2858 528 2894 voces
547 2859 562 2893 e
580 2842 649 2892 San-

119 2911 187 2961 cmlti
197 2911 267 2963 libro
279 2907 334 2963 καλ
344 2913 453 2976 recepit
466 2911 649 2971 Gaislordiue‚

118 2979 176 3041 quod
195 2980 296 3046 reliqui
320 2978 385 3029 libri
407 2979 506 3044 scripti
529 2984 558 3029 et
581 2979 650 3029 editi

118 3047 240 3099 omittunt.
271 3048 410 3114 Spectant
424 3052 517 3097 autem
529 3047 602 3097 haec
615 3047 650 3097 ad

118 3116 270 3167 antecedens
289 3131 353 3180 αμα
370 3108 436 3180 μὲν,
460 3114 560 3164 maiori
583 3129 649 3180 qua-

118 3179 168 3231 dam
183 3184 211 3234 vi
227 3184 336 3235 addita.
371 3183 434 3233 Vid.
453 3183 485 3233 G.
498 3183 648 3232 Hermann.

119 3248 146 3297 ad
161 3250 250 3317 Viger.
268 3268 335 3318 pag.
353 3249 412 3301 782.
448 3250 527 3316 Apud
541 3250 649 3313 'Ibucy-

118 3315 163 3366 did.
174 3318 236 3379 VII,
249 3319 285 3370 bb
302 3324 367 3385 poet
383 3307 444 3384 ἅμα
461 3311 516 3384 μὲν
533 3318 650 3368 infertur

118 3378 144 3433 ιό
156 3378 183 3435 di
194 3382 288 3438 πλέον.

120 3445 173 3569 τί
184 3446 315 3575 'Villi
325 3448 650 3573 testinantes

119 3590 202 3653 reponi
212 3589 272 3642 vult
283 3588 332 3657 τῷ.
354 3590 489 3641 Voculam
501 3586 564 3649 aul,
579 3604 649 3654 qnae

120 3655 190 3722 vulgo
202 3664 265 3710 ante
282 3674 367 3709 voces
380 3648 450 3708 ndcd
463 3651 500 3724 δή
513 3655 597 3707 τοῦτο
610 3656 649 3707 le·

121 3724 183 3783 gitur
194 3726 306 3789 inserta,
320 3743 381 3777 cum
394 3725 560 3787 Sebaelero,
578 3726 649 3775 Mat·

122 3789 202 3843 thineo
217 3799 245 3844 et
257 3811 332 3846 rece.
346 3794 406 3845 edd,
419 3794 533 3852 retinui,
552 3794 577 3843 ei
590 3793 650 3857 qui·

121 3856 172 3909 dem
191 3877 238 3927 per
259 3863 334 3913 hanc
356 3862 482 3913 voculam
500 3861 587 3911 verba
605 3876 648 3910 se-

122 3930 221 3989 quentia
248 3930 434 3995 adiunguntur
459 3928 650 3979 antecedenti·

122 3991 163 4045 bus
173 3998 262 4049 verbis
275 3991 351 4063 πρὸς·
359 3992 392 4048 δὲ
404 3987 488 4048 αὐτοὶ
501 3990 651 4054 δοκέοντες

123 4050 292 4131 ίξιυρτμιέναι
309 4058 340 4117 τὸ
357 4059 506 4131 μαντήϊον.
533 4064 651 4115 ΒοΙονο-

123 4136 176 4181 rant
190 4133 367 4198 particulam,
386 4149 457 4200 quae
474 4148 542 4183 eane
556 4148 572 4182 a
584 4147 651 4182 non-

123 4197 194 4250 nullis
202 4201 279 4253 libris
288 4203 400 4268 scriptis
410 4203 499 4264 abest,
513 4200 652 4265 Schweig-

124 4261 261 4321 haeuserns
274 4275 302 4322 et
311 4270 494 4322 Gaie10rdius.
511 4268 553 4319 Ad
565 4267 652 4320 verba

704 1423 743 1483 V,
760 1423 913 1489 laniatque
926 1431 995 1476 nott

904 1592 970 1643 Car.
989 1594 1050 1643 LII.

739 1685 779 1743 Οί
799 1686 832 1743 dl
849 1686 1106 1772 Πέρσαιλζόμενοι
1129 1687 1176 1747 ἔτι
1198 1689 1249 1748 τὸν

703 1759 859 1838 καταντίον
882 1759 932 1827 τῆς
954 1756 1125 1824 ανροπόλιος
1146 1753 1248 1829 ὄχθον,

703 1842 755 1877 τον
771 1828 916 1894 Αθηναῖοι
928 1825 1064 1880 καλέουσι
1074 1821 1183 1896 Ἀρήιον
1195 1825 1247 1881 ον’-

703 1892 767 1961 χον]
787 1897 804 1945 1.
820 1912 844 1947 e.
858 1897 957 1947 Persae
973 1900 1134 1948 considentes
1151 1898 1184 1963 (e.
1201 1915 1247 1951 ca·

703 1966 768 2014 atris
780 1964 889 2029 positis)
908 1969 934 2014 in
951 1968 1014 2016 colle
1031 1983 1067 2016 ea·
1084 1968 1191 2018 adverso
1204 1984 1247 2017 nr·

702 2037 740 2082 cir
751 2034 815 2093 αἰο,
834 2048 905 2098 went
918 2032 1039 2083 Martium
1051 2037 1137 2084 collem
1148 2042 1245 2093 nocent,

704 2100 898 2162 (Athenienses
914 2101 944 2150 in
962 2116 1028 2151 arce
1045 2102 1177 2165 inclusos)
1199 2104 1247 2154 loc

702 2170 774 2219 modo
798 2184 948 2233 oppugnare
969 2173 1139 2220 instituerunt.
1180 2171 1247 2220 Ver·

702 2235 766 2285 bum
788 2233 901 2297 ΐςεσθαι
918 2237 959 2287 eic
981 2238 1099 2302 positum
1120 2238 1246 2289 invenias

703 2304 755 2363 IV,
773 2302 824 2354 203
847 2296 1011 2368 (ἱζομένοισι
1036 2297 1083 2356 ἐπὶ
1101 2298 1171 2361 Διὸς
1190 2305 1245 2355 Λν-

702 2368 787 2421 ιιαίον
799 2362 912 2435 ὄχθον),
926 2371 978 2433 ΙΙΙ,
991 2371 1030 2420 11.
1044 2373 1129 2433 1x‚2.
1146 2372 1185 2421 ll.
1199 2372 1245 2421 26:

702 2439 736 2487 da
755 2438 966 2489 structura-vid.
986 2437 1074 2488 allata
1093 2439 1128 2489 ad
1144 2441 1184 2497 Π,
1202 2440 1244 2489 55.

701 2507 753 2567 1v,
769 2505 825 2555 145.
838 2507 876 2567 V,
892 2506 932 2556 12.
946 2530 977 2539 -
996 2505 1071 2556 Satis
1088 2522 1154 2557 vero
1167 2511 1247 2556 notue

702 2576 730 2623 in
751 2574 904 2623 Atticorum
926 2573 1007 2624 rebus
1029 2573 1110 2623 collis
1130 2572 1192 2633 ille,
1218 2573 1246 2622 in

701 2657 754 2706 quo
768 2641 998 2706 Areopagitarum
1017 2640 1164 2691 concilium
1182 2655 1245 2690 con-

700 2710 788 2770 sedit,
808 2709 904 2759 Martis
923 2707 1002 2759 collie
1019 2697 1123 2771 Ἄρειος
1141 2707 1245 2770 (Ιοιιίοο

698 2767 816 2843 Ἀρήϊοι)
843 2768 935 2841 τάχος
962 2778 1119 2827 nominatae
1142 2775 1187 2826 vel
1211 2775 1245 2825 ob

699 2845 868 2903 Amazones,
885 2844 985 2896 Martis
1003 2843 1088 2905 filiae,
1108 2858 1178 2909 quae
1196 2845 1244 2892 im-

699 2919 793 2979 petum
811 2912 939 2963 fecerant
959 2913 988 2962 in
1006 2911 1119 2973 collem,
1144 2911 1191 2962 vel
1210 2911 1245 2961 ob

699 2982 830 3039 Martem,
855 2982 902 3045 qni
918 2980 1087 3030 Halirrothio
1110 2994 1192 3030 caeso
1216 2980 1245 3028 in

701 3050 811 3099 deorum
825 3048 955 3098 indicium
972 3048 1024 3098 hoc
1037 3048 1067 3096 iu
1079 3047 1149 3097 eolla
1161 3061 1246 3097 voca·

701 3121 745 3167 tua
758 3132 820 3167 esee
830 3117 926 3166 fertur.
944 3115 1033 3165 Multa
1045 3115 1151 3167 dabunt
1160 3115 1247 3180 Berg-

701 3199 774 3234 man.
794 3188 822 3233 et
833 3182 967 3233 Benseler
984 3183 1019 3231 ad
1032 3182 1149 3232 Isocrat.
1161 3181 1245 3231 Areo-

702 3250 1011 3383 {laisteis-,isti
1025 3249 1246 3379 gegggfmug

700 3388 746 3439 val
758 3388 878 3453 sagittae
895 3387 923 3436 in
935 3385 1145 3435 Atheniensium
1156 3385 1244 3433 muni-

701 3460 795 3505 menta
811 3455 952 3504 mitterent
963 3453 1080 3515 Persae,
1098 3450 1245 3501 altitudine

701 3539 756 3574 non
769 3527 872 3587 aequat
884 3536 988 3581 arcem,
1007 3520 1148 3587 molesque
1161 3522 1190 3568 et
1201 3533 1245 3567 sa·

700 3606 767 3642 xasa
791 3606 824 3639 nc
842 3589 968 3654 lapidea,
991 3588 1133 3638 cacumine
1153 3585 1244 3637 admo·

701 3660 764 3709 dum
776 3656 928 3722 inaequali.
956 3656 1056 3705 Nullae
1069 3653 1245 3719 antiquitatis

700 3726 836 3790 reliquiae
859 3724 948 3774 adhuc
971 3722 1011 3773 ibi
1032 3724 1163 3772 inventae
1182 3724 1247 3770 eunt

700 3795 831 3859 locusque
844 3793 920 3842 iacct
931 3791 1066 3841 desertus·
1101 3789 1143 3839 Ab
1155 3789 1246 3838 orien-

701 3861 754 3911 tali
768 3860 848 3911 collis
865 3860 954 3909 latere
973 3859 1008 3909 ad
1019 3857 1128 3908 radices
1140 3856 1244 3919 Diony-

701 3931 737 3980 e'1i
753 3929 942 3994 Areopagitae
965 3929 1105 3977 exstructa
1127 3923 1180 3974 init
1201 3939 1245 3972 ec·

702 3997 803 4056 clesia,
832 4008 904 4045 nunc
935 3994 1019 4044 etiam
1043 3993 1144 4042 diretta.
1183 3990 1244 4041 Vid.

701 4065 821 4115 Pausan.
838 4063 866 4127 I,
878 4060 920 4112 28.
939 4063 962 4123 5.
980 4061 996 4111 5
1013 4061 1107 4125 ibique
1125 4056 1245 4109 Siebelis

702 4149 766 4199 pag.
782 4130 843 4195 102,
864 4131 982 4180 Lucian.
999 4128 1048 4177 Bis
1064 4129 1163 4177 Accua.
1180 4127 1205 4187 ξ.
1217 4123 1244 4174 9.

704 4199 744 4264 10,
756 4201 858 4250 Kruae:
870 4196 987 4259 Ηο11.Π,
998 4196 1024 4245 1.
1035 4212 1061 4261 p.
1070 4192 1126 4254 138,
1140 4193 1243 4243 Stnart.

704 4274 733 4319 et
750 4269 858 4319 Revett.
875 4265 991 4317 Alterth.
1003 4264 1026 4314 Ι.
1045 4278 1108 4330 pag.
1121 4259 1169 4310 241
1185 4274 1243 4324 seq.
