2984 5154
246 366 286 428 τε
657 358 945 448 ‚nunonem

244 532 347 625 ταύτῃ
371 530 541 627 Ἐρεχθέος
566 535 628 603 τοῦ
647 534 804 623 γηγενέος
829 533 1009 623 λεγομένου
1040 531 1126 602 εἶναι
1151 527 1245 620 νηός,
1273 532 1307 601 ἐν
1331 532 1374 624 τῷ

247 641 338 726 ἐλαίη
362 664 398 707 τε
417 638 472 707 καλ
495 633 651 707 θάλασσα
674 642 741 724 ἔνι,
776 631 816 706 τὰ
838 633 934 725 λόγος
957 630 1036 726 παρ’
1053 631 1241 723 Ἀθηναίων
1263 642 1372 703 Ποσει-

838 802 898 868 ipse
923 801 987 851 olim
1011 799 1112 864 protuli
1137 800 1164 848 in
1182 799 1325 849 Dissertat.
1342 797 1372 847 de

838 869 966 935 Apolline
978 868 1102 918 Patricio
1115 871 1143 916 et
1154 867 1276 917 Minerva
1284 865 1372 915 Primi·

275 930 428 1004 Ἐρεχθέος
448 937 501 989 τοῦ
522 929 658 1005 γηγενέος
675 931 789 1003 λεγομέ-
860 953 902 987 eu.
915 935 1107 1001 (Heidelberg.
1121 932 1195 997 1820)
1208 931 1373 1000 pag.20(ubi

246 1022 298 1058 νου
311 1001 387 1059 εἶναι
399 1003 477 1074 νηὸς]
491 999 554 1071 Ἐρε
574 998 644 1064 θέος
662 1006 725 1056 dedi
740 1021 789 1071 pro
840 955 1014 1055 leholimtae
1026 1003 1055 1053 in
1067 1002 1179 1053 hristid.
1193 1003 1280 1051 Oratt.
1292 1000 1373 1051 locum

240 1067 406 1141 Ἐρεχθῆος,
420 1080 450 1125 ut
462 1075 544 1136 VIl‚l
564 1073 589 1124 9.
607 1073 788 1137 Erechtheus,
841 1073 987 1139 adscripsi,
1007 1072 1036 1121 iu
1053 1087 1105 1136 que
1118 1087 1132 1120 e
1145 1070 1263 1120 Vulcani
1278 1069 1372 1120 semine

245 1145 353 1210 priscus
364 1144 531 1194 Athenarum
544 1159 599 1204 rex,
612 1146 729 1192 vocatur
741 1157 789 1206 γη·
840 1157 895 1192 nou
908 1140 1016 1206 quidem
1032 1138 1212 1202 Erechtheus,
1229 1137 1373 1202 sedprimus

245 1204 344 1277 γενής,
362 1213 381 1262 i.
396 1227 419 1263 e.
433 1210 505 1261 terrai
516 1212 624 1276 penitae,
644 1225 658 1259 e
670 1208 790 1259 Vulcani
839 1209 919 1259 homo
932 1215 1007 1259 ortus
1021 1223 1082 1257 esse
1095 1206 1221 1269 dicitur),
1234 1204 1295 1256 coll.
1308 1203 1372 1255 C.0.

245 1280 306 1330 scil.
318 1280 469 1331 Minervam
482 1277 672 1344 aggredientis
684 1278 788 1327 semine
840 1275 986 1327 Muellero:
1005 1275 1105 1326 Kleine
1118 1275 1257 1324 Deutsche
1268 1271 1371 1322 Sehriit.

244 1347 388 1398 interram
405 1346 533 1413 prolapso
551 1346 652 1407 editus,
670 1349 702 1395 ut
714 1345 790 1395 lama
839 1345 877 1394 11.
896 1361 923 1410 p.
939 1343 996 1395 139.
1031 1343 1113 1393 Hunc
1131 1341 1324 1401 Erechtheum,
1341 1354 1373 1388 ne

247 1415 368 1478 serebat,
387 1416 541 1465 aMinerva
559 1413 658 1464 deiude
670 1414 789 1462 nutritus
841 1411 898 1462 ulia
922 1411 1049 1473 afferam,
1074 1410 1129 1460 iarn
1150 1411 1283 1460 Homerus
1305 1409 1374 1457 novit

246 1482 402 1550 cultusque:
426 1483 460 1533 de
477 1498 531 1548 qua
550 1483 626 1532 tama
642 1481 705 1531 vide
719 1496 788 1546 quae
839 1480 884 1531 Ili.
893 1481 928 1543 11,
941 1479 991 1530 547
1001 1494 1085 1545 seqq„
1098 1468 1276 1544 ubi'Adq'vue
1285 1480 1372 1527 vocat:

398 1582 493 1650 δῆμον
506 1577 662 1663 Ἐρεχθῆος
679 1575 885 1649 μεγαλήτορος,
906 1570 940 1632 ὅν
958 1571 1024 1632 ποτ’
1040 1572 1145 1647 Ἀθήνη

398 1646 515 1731 θρέψω,
524 1653 594 1731 Διοη
612 1643 744 1729 θυγάτηρ
757 1678 789 1687 -
801 1645 865 1701 τέκε
877 1643 910 1700 δὲ
922 1647 1054 1711 ζείδωρος
1067 1637 1179 1712 ἄρουρα
1190 1674 1224 1683 -

396 1713 465 1771 aud'
485 1718 503 1770 d
534 1712 565 1771 έν
582 1711 703 1786 Λθήνην
733 1713 823 1782 εἷσεν,
844 1708 886 1783 ἕῷ
904 1710 959 1769 dot
976 1715 1077 1767 πίονι
1095 1714 1181 1781 νηῷ·

398 1783 474 1839 ἔνθα
492 1781 525 1838 δέ
543 1803 593 1852 μιν
609 1778 739 1850 ταύροισι
757 1782 808 1837 καλ
824 1777 953 1851 α’ρνειοῖς
971 1777 1101 1837 ἱλάονται

396 1854 496 1922 κοῦροι
512 1848 672 1921 Ἀθηναίων
690 1848 931 1921 περιτελλομένων
949 1844 1102 1913 ἐνιαυτοῖν,

447 835 513 887 (λιν.
532 836 591 886 LV.

246 1957 387 2022 alteroque
415 1957 477 2007 loco
502 1957 643 2021 Odysseae
664 1957 731 2017 Vll,
756 1955 788 2004 81
840 1955 941 2017 ximus,
959 1954 1030 2004 haec
1043 1954 1163 2004 conferri
1174 1952 1308 2003 volumus:
1325 1949 1373 1998 iarn
1463 1972 1465 1977 .

195 2039 200 2051 ·
244 2025 371 2074 Minerva
399 2024 496 2074 relicti
523 2024 639 2075 Scheria
663 2023 789 2074 Athenas
841 2023 906 2088 quid
924 2024 952 2071 in
969 2023 1013 2072 his
1025 2022 1178 2071 Atticorum
1192 2021 1325 2071 hominum
1336 2033 1374 2066 rs·

245 2093 405 2168 pervenisse
423 2092 515 2157 ibique
532 2082 690 2157 Ἐρεχθῆος
706 2107 788 2142 auae·
839 2090 990 2156 ligionibus
1011 2088 1107 2141 valeat
1131 2094 1160 2139 et
1179 2088 1241 2139 olea
1261 2092 1289 2138 et
1307 2100 1374 2136 mare

246 2173 298 2209 νον
315 2151 405 2223 δόμον
426 2161 546 2209 intrasse
567 2159 680 2209 dicitur:
709 2175 789 2224 quern
840 2174 861 2209 s.
876 2175 948 2224 aqua
965 2158 1053 2219 salsa,
1072 2157 1276 2208 declarandum.
1311 2153 1374 2215 Olea,
1463 2180 1464 2183 κ

247 2219 337 2291 δόμον
352 2225 455 2277 nullum
472 2227 556 2277 alium
573 2228 660 2277 fuisse
679 2227 788 2277 credam
840 2241 921 2291 quem
933 2225 1059 2276 Minerva
1071 2227 1099 2275 in
1111 2242 1177 2276 aree
1190 2225 1327 2291 plantasse
1339 2220 1374 2270 ie·

246 2300 329 2359 utque
351 2290 401 2345 τὸν
423 2287 495 2361 νηὸν
512 2285 679 2361 Ἐρεχθέος,
708 2311 788 2361 quem
839 2295 953 2345 rebatur
968 2294 1069 2360 prima,
1087 2293 1154 2344 olim
1172 2310 1221 2360 per
1238 2290 1374 2343 Graeciam
1464 2304 1465 2323 ³

245 2363 400 2413 Herodotus
422 2363 448 2413 h.
473 2362 493 2413 l.
518 2362 680 2429 appellavit.
715 2362 788 2425 Alia,
841 2378 902 2413 eum
918 2378 1049 2429 perquam
1071 2378 1135 2412 rara
1158 2362 1206 2426 (cs.
1225 2362 1309 2426 ipsum
1324 2357 1374 2407 He·
1463 2366 1465 2393 λ

246 2444 316 2496 quae
334 2430 367 2481 de
385 2431 437 2482 hoc
449 2431 606 2482 Erechtheo
619 2432 732 2498 eiusque
746 2447 789 2481 sa·
841 2430 927 2481 rodot
945 2431 982 2493 V,
1003 2430 1036 2480 82
1057 2430 1150 2495 ibique
1173 2430 1252 2492 nott.)
1276 2426 1372 2486 fuisset
1464 2432 1465 2459 r

245 2499 301 2549 eris
309 2499 462 2562 traduntur,
476 2515 548 2550 nune
557 2506 711 2565 praetereo,
728 2515 789 2550 cum
840 2504 938 2565 postea
951 2499 986 2548 ab
998 2498 1099 2548 Atticis
1111 2498 1266 2548 homiuibus
1277 2492 1374 2562 praeci·
1463 2510 1465 2529 ι

246 2566 282 2617 ed
303 2567 374 2617 bunc
392 2568 526 2619 Herodoti
541 2567 632 2619 loeurn
652 2572 729 2617 recte
750 2569 790 2617 in·
841 2583 894 2633 pue
907 2566 984 2616 culta
996 2570 1050 2629 est,
1068 2573 1100 2615 ut
1116 2566 1152 2615 ad
1164 2566 1324 2632 praecipuos
1337 2575 1374 2609 re·
1463 2596 1464 2601 ,

244 2634 427 2702 telligenduru
450 2638 539 2686 miuus
561 2637 733 2703 pertineant:
762 2635 791 2685 id
842 2635 933 2700 gionis
945 2636 1033 2685 minus
1051 2635 1156 2685 feracis
1170 2635 1292 2698 adeoque
1303 2629 1374 2682 steri·
1463 2654 1464 2659 =

244 2718 326 2753 unum
349 2704 510 2767 tenendum,
534 2704 579 2754 his
601 2704 791 2768 similibusque
840 2701 874 2753 lis
887 2703 992 2752 reditus
1003 2703 1154 2754 referretur
1163 2702 1285 2767 deaeque
1296 2697 1374 2764 ipsius
1463 2708 1464 2735 1

246 2771 362 2835 fabulis,
376 2788 447 2837 qnae
461 2772 627 2833 ferebantur,
641 2771 791 2838 primordia
841 2770 947 2821 tutelae
961 2772 1187 2821 committeretur.
1217 2768 1299 2820 Plura
1309 2765 1373 2816 idem
1463 2796 1464 2801 =

245 2854 334 2888 rerum
346 2840 499 2890 Atticarum
517 2846 599 2904 atque
617 2840 698 2890 initia
715 2841 790 2890 vitae
841 2837 959 2889 Mueller
977 2838 997 2888 l.
1013 2838 1031 2889 l.
1050 2854 1113 2905 pag.
1126 2837 1168 2891 30.
1180 2837 1226 2900 31,
1246 2837 1334 2887 Stuart
1348 2836 1374 2881 et
1463 2844 1464 2869 ³

246 2904 377 2965 cultioris,
389 2922 460 2972 quae
474 2908 508 2957 ab
519 2908 593 2973 agria
606 2908 735 2958 continuo
745 2923 789 2958 co·
840 2904 951 2958 Revett.¹
967 2905 985 2957 l.
1000 2906 1020 2958 l.
1039 2907 1060 2956 Ι.
1073 2923 1099 2972 p.
1112 2904 1176 2969 497,
1195 2906 1296 2956 Ritter:
1312 2899 1374 2951 Erd-
1463 2910 1464 2937 λ

245 2973 334 3024 lendis
355 2974 554 3039 proficiscitur,
579 2977 714 3026 contineri
734 2991 789 3025 me·
840 2974 932 3025 kunde
941 2972 1087 3041 xtpeee,
1099 2973 1273 3026 Boettieher:
1286 2972 1374 3021 Baum·
1463 2978 1464 2993 ¹

246 3043 414 3107 moriamque
438 3042 544 3093 servari
566 3047 658 3093 terrae
680 3043 789 3094 Atticae
841 3042 905 3094 cult.
923 3059 986 3109 pag.
1007 3041 1054 3093 107
1072 3059 1128 3109 seq.
1165 3043 1263 3108 Itaque
1279 3039 1316 3089 nil
1331 3036 1373 3087 rui·

245 3110 361 3176 primum
385 3109 478 3161 cultae
502 3111 612 3162 deorum
639 3110 788 3161 beneficio:
840 3127 911 3173 rum,
930 3112 959 3161 iu
976 3111 1108 3178 primaria
1121 3112 1291 3177 meximeque
1304 3110 1373 3157 vetu-

245 3177 338 3243 itaque
357 3177 391 3229 ad
405 3179 591 3245 agriculturae
604 3179 699 3241 initia,
717 3195 789 3246 quae
840 3184 883 3229 sta
895 3179 965 3230 deae
978 3179 1088 3230 Atticae
1102 3180 1171 3230 aede
1184 3179 1286 3238 oleam,
1300 3173 1374 3225 adea

246 3245 299 3296 diis
311 3246 407 3297 debuit
418 3251 494 3298 terra
501 3247 605 3328 Attiqu,
617 3247 790 3299 haecomnia
838 3247 913 3313 ipsa,
926 3252 957 3297 ut
969 3247 1110 3310 serebant,
1130 3248 1294 3314 plantatam,
1311 3256 1372 3293 sem·

246 3318 396 3396 spectare&
413 3330 483 3380 qnae
504 3314 627 3380 plnrrbus
650 3331 789 3396 exponere
840 3331 889 3397 per
911 3317 1175 3397 ‘servatam'pipque
1193 3315 1293 3366 cultam
1310 3324 1372 3369 esse,

245 3382 326 3433 husus
342 3382 398 3433 locr
414 3398 468 3433 uon
485 3388 536 3435 est.
571 3384 614 3433 Tu
630 3382 685 3434 vul.
705 3382 790 3434 Creu·
839 3383 981 3449 srqurdem
995 3389 1130 3449 mstrrprs
1143 3388 1282 3435 emortuae
1291 3380 1372 3430 locum

246 3464 300 3501 zer.
320 3451 355 3501 ad
367 3450 493 3502 Ciceron.
512 3452 545 3502 de
564 3455 621 3502 nat.
635 3450 724 3504 deorr.
737 3452 787 3515 111,
841 3451 898 3502 alia
913 3454 970 3502 eito
987 3451 1097 3503 subdita
1113 3451 1206 3503 fuerit.
1242 3450 1312 3499 Hlnc
1323 3443 1372 3495 Pli-

248 3516 286 3567 19.
305 3533 369 3635 pap.
383 3517 433 3570 brt
444 3533 501 3585 seq.
521 3519 575 3583 III,
588 3520 631 3569 22.
670 3536 686 3570 a
707 3556 714 3570 .
728 3519 788 3570 599.
839 3521 901 3570 nius
914 3520 949 3570 H.
963 3521 995 3569 N.
1008 3520 1081 3583 XVI,
1095 3520 1140 3569 44:
1165 3518 1299 3602 513thss
1309 3527 1372 3579 quo·

245 3585 365 3650 Symbo.
383 3588 435 3637 III.
451 3604 479 3654 p.
497 3585 547 3638 308
559 3602 635 3653 seqq.
714 3603 789 3653 seqq·
840 3603 892 3653 que
909 3587 972 3638 olea
989 3587 1087 3639 durare
1108 3588 1227 3637 tradrtnr
1247 3602 1276 3635 nr
1292 3586 1372 3634 certa·

245 3654 293 3704 lv.
305 3670 331 3720 p.
344 3653 395 3705 342
406 3671 493 3772 seqq„
506 3655 677 3706 Brcendsted
689 3655 708 3705 l.
719 3655 737 3705 l.
751 3656 788 3706 11.
840 3656 913 3706 mine
927 3655 1002 3705 edita
1011 3671 1028 3705 a
1037 3657 1193 3706 Minerva.“
1210 3654 1297 3720 Prope
1309 3651 1373 3700 huuc

245 3722 449 3840 lugdlleOIlla'
466 3723 709 3841 'Alhiffrlelpim
732 3723 787 3841 All
839 3723 930 3842 ppealm
948 3722 1238 3842 (delqulalptiamppid.
1256 3722 1374 3835 Cicerpui

244 3806 388 3924 prelo
401 3806 489 3910 dds
503 3807 574 3925 dp:
590 3829 635 3909 ra
649 3806 789 3925 ὲὲἰλῗῐε
839 3807 996 3910 atfrith
1017 3809 1077 3927 ug.
1094 3799 1373 3921 stadtfel-

245 3925 348 4042 plural·
369 3928 411 3976 De
424 3927 485 4043 ippa
496 3927 646 3977 Erechthei
659 3929 741 4009 aede,
759 3928 789 4008 in
839 3927 909 3978 hem.
924 3929 959 3978 ad
972 3876 1373 4010 Oqllimaoh.·1{allad.Lavacr.

246 4008 377 4125 elleh
394 3996 788 4130 dtuu⁸tllst.fllulzt
839 3994 1372 4129 illsluttlulutJuPut
1433 4093 1439 4103 .

245 4144 317 4192 mus,
335 4135 474 4211 ‘quantum
496 4132 530 4181 ad
547 4131 681 4212 Herodoti
701 4130 788 4183 verba
837 4137 933 4193 εαλινε,
957 4148 1037 4198 quem
1055 4133 1125 4183 adeo
1146 4147 1216 4181 mere
1234 4127 1371 4186 vocabant,

245 4201 321 4248 recte
333 4197 515 4317 nptelhqcnda
527 4214 595 4265 opus
606 4199 760 4277 apdebatur.
838 4215 970 4266 quemque
982 4201 1032 4253 sub
1045 4201 1139 4251 flatum
1149 4198 1209 4250 uoti
1220 4197 1300 4249 surdo
1311 4207 1374 4271 murs

281 4255 313 4315 έν
323 4281 362 4330 τῳ
374 4257 425 4317 έλα
440 4283 457 4332 η
473 4281 504 4318 τε
521 4263 571 4318 aul
582 4266 716 4318 θαλαοτα
730 4261 785 4333 ἔνι]
838 4283 913 4318 mure
942 4268 1071 4319 fluctuum
1101 4268 1135 4318 ad
1164 4268 1253 4318 instar
1277 4275 1372 4315 meverr

245 4333 290 4384 De
301 4333 358 4397 his,
373 4349 443 4399 quae
458 4336 622 4387 quxeursu
633 4335 704 4387 adh.
715 4336 735 4387 1.
747 4336 786 4387 di·
837 4338 1023 4403 strepitusque
1045 4337 1126 4388 edere
1143 4335 1285 4396 dicebant,
1307 4331 1372 4382 teste
1460 4342 1461 4353 ¹
