2866 5134
221 413 283 472 469
631 404 948 465 COMMENTATIO

221 579 369 649 utriusque
387 579 456 631 enirn
472 579 573 631 formae
587 576 762 647 totexempla
778 577 850 646 apud
865 577 999 629 Nostrum
1012 575 1201 645 reperiuntur,
1217 580 1245 626 ut
1258 575 1338 626 eodem

222 665 281 717 viro
297 664 377 716 docto
398 664 488 717 iudice
508 666 547 733 (p.
565 664 629 729 112)
647 680 722 729 ,,ιιοιι
738 661 820 714 liceat
841 662 922 714 nobis
943 668 992 715 sut
1011 661 1078 714 haec
1098 666 1146 713 snt
1161 660 1205 712 ills
1224 659 1255 711 ad
1269 675 1337 710 unam

221 767 340 802 normam
354 744 561 818 corrigere“*).
593 747 693 818 Neque
709 747 779 799 idem
794 747 839 798 vir
853 747 951 800 doctus
968 764 1022 799 non
1037 745 1174 811 concedit,
1188 744 1339 797 Herodotum

220 852 308 903 aeque
322 831 411 888 εἰπεῖν
427 843 512 904 atque
527 829 604 886 εἶπαι
618 832 737 897 dixisse,
753 839 896 903 utramque
912 832 998 899 igitur
1015 833 1126 884 iormanr
1142 848 1202 883 esse
1214 830 1338 881 admitten-
1416 810 1418 865 l

220 919 294 971 darn:
317 919 373 971 vid.
386 938 412 989 p.
428 923 478 973 324
494 936 553 988 seq.
569 920 620 973 353
636 914 760 989 seq.**).
795 917 842 968 Sic
855 914 977 986 θηέομαι
992 924 1076 988 atque
1089 909 1209 984 &triopus
1224 914 1341 967 Nostrum

220 1005 324 1057 dixisse
338 1012 453 1074 apparet
468 1021 501 1056 ea
516 1003 568 1071 iis,
584 1020 656 1073 quse
671 1003 739 1055 idem
751 1003 906 1055 Bredovius
921 1002 1015 1054 attulit
1029 1019 1093 1072 pag.
1108 998 1221 1071 49***).
1247 998 1302 1064 stc,
1316 1004 1343 1048 ut

220 1089 335 1142 alterum
354 1090 482 1153 afferam,
507 1089 615 1140 nomina
636 1106 669 1140 ex
688 1080 764 1156 ἄρχω
786 1088 882 1153 ductu,
909 1088 982 1156 apud
1003 1086 1086 1154 elios,
1110 1084 1231 1156 inprimis
1249 1082 1342 1135 Atticos
1417 1088 1418 1097 ¹

221 1175 373 1244 scriptores
390 1182 550 1226 constanter
565 1173 599 1225 ad
615 1172 762 1225 secundam
782 1172 990 1225 declinationem
1005 1171 1158 1235 flectenda,
1180 1169 1249 1239 apud
1264 1168 1341 1219 liero-

220 1259 313 1311 dotum
328 1259 416 1312 omnia
439 1275 494 1310 uno
509 1257 587 1310 modo
602 1257 749 1310 scribenda
766 1276 829 1310 esse
843 1267 918 1309 recte
934 1264 1019 1325 negat
1032 1256 1151 1311 Bredov.
1166 1274 1192 1324 p.
1207 1257 1269 1317 232,
1290 1251 1341 1320 plt-

221 1345 300 1397 ribus
313 1344 381 1397 locis
396 1342 503 1409 allatis,
522 1343 569 1395 ubi
585 1342 619 1395 ad
635 1344 745 1412 primam
757 1359 846 1412 seque
862 1341 897 1393 ad
913 1342 1061 1395 secundem
1075 1339 1276 1394 declinationem
1290 1354 1342 1406 per·

220 1430 342 1495 tineent3
364 1445 419 1498 quo
433 1428 526 1480 eodem
537 1428 637 1497 opinor
649 1428 783 1496 pertinet,
799 1428 873 1496 quod
886 1428 990 1480 Noster
1002 1443 1099 1479 nornen
1111 1426 1191 1487 εΐλως
1200 1424 1274 1477 etiam
1284 1421 1343 1473 dixit

220 1509 386 1583 eiloieqc†)=
404 1513 459 1566 rid.
477 1530 504 1581 p.
522 1515 583 1567 232.
612 1512 707 1575 Quare
723 1529 897 1581 consequens
912 1519 970 1579 est,
986 1512 1157 1564 Herodotum
1172 1526 1256 1579 aeque
1268 1500 1343 1575 φύλα-

220 1617 269 1661 κος
290 1607 318 1650 et
339 1592 431 1667 φύλαξ
446 1598 575 1650 adhibere
590 1598 732 1667 potuisse,
753 1597 826 1667 quod
843 1604 927 1665 negat
940 1596 1060 1650 Bredor.
1072 1613 1136 1665 pag.
1150 1598 1209 1649 255.
1240 1593 1302 1645 lnde
1315 1590 1344 1641 ub

221 1683 271 1736 hoc
292 1683 352 1735 viro
370 1683 450 1735 docto
466 1683 494 1734 in
516 1682 578 1735 aliis
594 1699 705 1752 quoque
721 1682 875 1735 huiusmodi
898 1681 993 1735 formis
1010 1680 1152 1733 nonnullis
1174 1678 1343 1739 discessimus,

221 1786 290 1839 ques
312 1768 359 1820 ille
380 1768 414 1820 ad
437 1784 518 1821 unam
538 1767 705 1837 eandemque
722 1785 840 1820 normam
856 1767 1026 1820 constituere
1044 1765 1146 1833 voluit3
1168 1782 1226 1818 cum
1242 1763 1305 1816 enirn
1321 1761 1342 1811 in

222 1854 264 1906 his
285 1871 339 1905 non
356 1852 411 1905 und
431 1852 517 1905 lormd
532 1853 703 1905 Herodotum
718 1869 798 1905 usum
814 1871 877 1905 esse
891 1859 934 1904 tot
947 1850 1068 1920 exempla
1081 1850 1236 1905 indubitata
1253 1854 1336 1899 testen

220 1946 282 2005 tur,
311 1943 356 2005 ut,
385 1947 448 1990 utra
469 1939 554 1991 forma
575 1937 758 2006 praeferenda
780 1938 831 2004 sit,
862 1945 936 1989 certo
956 1937 1088 1989 constitui
1109 1943 1240 2005 nequeat,
1269 1946 1342 1999 neque

221 2022 275 2075 ulls
291 2022 393 2074 existat
412 2029 488 2075 certe
502 2023 589 2089 ratio,
607 2023 641 2074 ad
656 2040 735 2093 quam
750 2023 817 2075 haec
832 2022 993 2090 exigantur,
1010 2021 1182 2074 Herodotum
1194 2020 1221 2072 in
1238 2020 1277 2070 his
1287 2031 1341 2085 quo·

221 2124 274 2177 que
294 2108 420 2161 variasse
442 2108 588 2160 statuimus
607 2125 697 2178 neque
712 2108 859 2179 quidquam
873 2108 902 2159 in
926 2107 976 2159 hac
994 2108 1141 2159 lormsrum
1157 2105 1284 2158 varietate
1297 2116 1341 2154 nu·

221 2192 334 2245 tandum
354 2192 512 2244 censuimus
521 2192 588 2259 ††)=
611 2210 682 2262 quae
697 2194 818 2246 varietas
834 2193 907 2258 sive,
928 2201 959 2244 ut
978 2191 1024 2243 alii
1041 2191 1154 2255 dicunt,
1178 2183 1339 2242 inconstanti·

221 2278 246 2329 si
262 2278 291 2329 in
309 2277 449 2330 nonnullis
468 2278 559 2330 verbis
573 2278 725 2349 formisque
740 2278 913 2342 necessario,
933 2284 964 2329 ut
977 2277 1110 2348 vidimus,
1127 2273 1288 2329 admittenda
1299 2274 1337 2331 est,

221 2380 271 2415 cur
285 2362 313 2414 in
328 2352 391 2414 eiiii
412 2379 523 2433 quoque
538 2362 642 2415 admitti
658 2363 731 2416 haud
744 2363 883 2433 potuerit,
909 2380 963 2414 non
983 2361 1180 2430 intelligimus,
1202 2353 1338 2431 praesedi·

222 2449 249 2499 in
266 2447 316 2514 iis,
333 2464 419 2516 quse,
437 2448 491 2499 nisi
508 2465 612 2501 omnem
627 2447 756 2502 librorum
768 2449 933 2517 scriptorum
944 2448 1134 2500 auctoritatem
1151 2448 1264 2501 relicere
1276 2450 1339 2494 tene·

222 2549 307 2602 reque
323 2549 440 2602 prorsus
459 2550 544 2601 agere
559 2533 689 2601 velimus,
711 2535 745 2586 ad
763 2551 843 2586 unam
863 2550 976 2603 eamque
992 2533 1071 2586 lixam
1090 2550 1210 2586 normam
1227 2548 1258 2584 ac
1273 2527 1342 2594 lagen

222 2617 309 2685 redigi
328 2625 476 2686 nequeant.
513 2618 658 2671 Pertinent
678 2620 744 2685 huc,
769 2636 804 2672 ne
825 2617 905 2688 plura
919 2634 1137 2684 commemoret,
1163 2635 1215 2672 suo
1235 2625 1342 2685 quaeque

221 2702 281 2754 loco
297 2710 406 2769 notata,
423 2704 526 2756 formae
540 2704 694 2773 promiscue
708 2703 844 2755 adhibitae
856 2700 951 2756 ἔπειτα
965 2710 993 2755 et
1007 2700 1114 2757 ἔπειτεν
1122 2703 1211 2770 †††),
1226 2701 1310 2755 stum
1322 2702 1345 2746 tl

220 2788 325 2841 etiem
337 2785 398 2854 ἢ),
419 2785 493 2841 θέλω
508 2798 536 2841 et
549 2782 722 2859 lutum),
743 2786 831 2856 voluer
849 2794 877 2840 et
894 2775 1101 2855 rpra'rror***†),
1124 2787 1196 2840 alise
1208 2787 1236 2838 id
1255 2795 1343 2851 geum

221 2871 363 2941 pertinent
381 2871 434 2924 lruc
449 2872 620 2941 potissimum
639 2875 740 2926 formae
754 2873 853 2926 multae
874 2872 902 2925 in
919 2873 1013 2926 verbis
1027 2873 1194 2939 contractis,
1215 2867 1345 2942 praecipue

221 2957 249 3008 in
266 2955 303 3011 ἐῶ
319 2964 347 3009 et
361 2954 404 3010 uer*
420 2957 586 3010 exeuntibus
602 2958 715 3024 obviae,
732 2975 802 3029 quas
816 2957 880 3010 licet
894 2958 1000 3011 solutas
1013 2958 1119 3011 Noster
1135 2957 1164 3009 in
1179 2955 1299 3027 pluribus
1312 2948 1344 3000 lo·

222 3041 262 3093 cis
278 3042 437 3113 protulerit,
459 3041 551 3094 multis
569 3050 656 3097 tamen
678 3042 746 3096 locis
761 3050 916 3095 contractas
933 3060 1044 3115 quoque
1058 3042 1199 3109 adhibuit,
1220 3059 1254 3093 ne
1273 3033 1345 3090 inti·

221 3127 330 3197 quidem
342 3126 396 3180 sibi
410 3143 527 3196 prorsus
541 3123 761 3198 constans*††):
783 3128 851 3180 adeo
867 3134 899 3180 ut
913 3127 1099 3181 difficillimum
1114 3128 1155 3181 sit
1168 3125 1234 3180 certi
1249 3121 1308 3193 qaid
1322 3118 1345 3169 lu

290 3322 315 3387 *1
335 3326 378 3376 Of.
391 3323 469 3375 modo
480 3328 549 3375 nott.
564 3325 599 3376 ad
612 3326 635 3389 Ι,
647 3325 671 3376 1.
685 3327 727 3377 24.

290 3392 328 3453 ”i
347 3393 390 3443 cf.
404 3398 472 3444 nott.
487 3393 556 3453 adl,
570 3393 612 3444 29.
625 3395 666 3444 22.
679 3393 720 3444 49.
734 3395 809 3453 Vlll,
822 3394 864 3445 99.

289 3458 344 3521 m)
363 3462 406 3511 Cf.
419 3466 487 3513 nott.
501 3461 535 3511 ad
548 3463 570 3523 Ι,
583 3460 608 3512 8.
624 3461 662 3512 19.
675 3461 718 3512 59.
730 3461 775 3523 39,
789 3478 824 3513 ne
836 3463 924 3528 plura.

291 3529 319 3592 †)
338 3530 384 3579 Sic
397 3520 542 3595 oidvuuple
555 3535 584 3580 et
595 3520 740 3594 α’δυνασίη
752 3531 852 3581 Noster
864 3531 944 3581 dixit:
963 3532 1019 3582 vid.
1033 3537 1102 3582 nott.
1116 3533 1152 3583 ad
1165 3532 1238 3593 VIII,
1255 3527 1304 3578 111.

243 3665 260 3713 d
273 3598 339 3715 Ιῒέῐ)
349 3597 532 3715 1(ΙἹοιιΙένιιιιοὶιΙο,
546 3613 617 3662 quae
631 3598 665 3648 ad
678 3599 715 3661 ll,
725 3596 772 3648 121
786 3598 858 3661 (Vol.
866 3600 886 3649 1.
898 3616 925 3664 p.
935 3598 996 3664 999)
1010 3600 1144 3651 adnotate
1156 3600 1294 3666 leguntur;
1306 3596 1345 3641 ⁸¹12

225 3682 242 3715 Β
288 3703 295 3725 r
328 3701 334 3714 ⁹
382 3700 389 3714 ·
442 3702 448 3724 r
480 3674 504 3719 ὀ

290 3731 358 3797 †††)
378 3733 420 3783 ef.
434 3739 500 3782 nott.
516 3734 551 3784 sd
564 3734 586 3793 1,
599 3734 625 3783 4.
638 3734 676 3791 ΙΙ,
689 3732 729 3785 38.
743 3733 784 3785 92.
797 3732 839 3785 95.
853 3735 900 3797 VI,
912 3732 955 3785 83.

289 3797 334 3862 *1)
354 3800 398 3850 Cf.
411 3808 479 3851 nott.
495 3802 528 3852 ad
541 3803 562 3864 Ι,
580 3801 635 3851 115.
651 3799 707 3852 139.
719 3802 755 3861 Π,
769 3800 810 3852 37.
823 3801 866 3853 38.
878 3801 920 3853 92.
935 3801 992 3853 198.
1005 3804 1053 3867 IX,
1066 3803 1107 3853 49.
1414 3806 1415 3845 l

289 3864 348 3931 Ἢ)
368 3867 448 3918 Conf.
463 3874 529 3919 nott.
545 3870 620 3932 adl,
634 3868 675 3920 32.
691 3869 746 3919 199.
760 3870 818 3919 295.
831 3871 874 3931 11,
891 3870 929 3921 14.
942 3872 994 3933 VI,
1009 3871 1050 3922 37.
1064 3873 1127 3933 Vll,
1142 3872 1184 3923 37.
1213 3866 1288 3935 Apud
1298 3863 1344 3914 ll0·

222 3952 324 3986 merum
338 3952 444 4001 quoque
457 3942 600 4002 utramque
613 3937 693 3987 huius
705 3939 782 3988 verbi
797 3939 909 3988 formum
924 3940 1054 4005 reperiri,
1075 3940 1142 3990 licet
1159 3954 1241 3989 unam
1252 3938 1343 3985 tentum

223 4005 338 4054 sormam
355 3996 469 4067 (ἐθέλω)
488 4020 638 4069 agnoscere
656 4004 774 4055 voluerit
789 4006 978 4069 Aristarchus,
996 4008 1090 4058 docuit
1106 4007 1220 4058 Belrlrer
1236 4006 1276 4055 in:
1295 3999 1343 4049 Mo·

222 4070 416 4122 notaberielrtt.
431 4072 455 4120 d.
469 4072 573 4122 Berlin.
587 4073 675 4122 nkau.
691 4072 764 4124 1859.
776 4089 839 4138 pag.
853 4073 903 4124 393
915 4090 972 4139 seq.

290 4137 365 4201 mr)
379 4138 543 4190 onmem
557 4139 625 4201 noe.
639 4140 694 4189 102.
709 4130 1343 4205 111,2.21.65.IV,125.vl‚1tueolt.vl11‚¹¹⁸·

291 4206 353 4269 *††)
368 4206 486 4272 Copiose
498 4207 569 4256 haee
582 4213 686 4258 tractet
696 4208 812 4259 Bredov.
824 4224 887 4275 pag.
894 4210 944 4260 372
956 4226 1033 4276 seqq.
1044 4218 1072 4261 et
1084 4212 1156 4271 add„
1171 4222 1239 4275 quse
1252 4206 1283 4256 de
1295 4215 1345 4251 rer·

223 4275 317 4325 borum
331 4276 360 4323 in
373 4275 408 4325 {a
421 4276 576 4325 exeuntium
588 4276 682 4326 formis
691 4290 778 4341 nuper
791 4276 921 4327 disseruit
931 4278 994 4327 Car.
1004 4279 1106 4329 Abicht
1118 4281 1146 4329 in
1156 4272 1343 4327 Dissertationr

225 4358 294 4407 quae
311 4343 482 4392 inscribitur:
501 4344 698 4404 Quaestionum
716 4344 750 4395 de
768 4345 889 4397 dialecto
902 4345 1061 4397 Herodotus
1073 4346 1217 4412 Specirnen
1233 4342 1342 4409 primunt·

225 4412 374 4476 Gottingae
390 4410 462 4461 1859.
476 4428 539 4476 pag.
553 4410 570 4461 9
582 4427 658 4477 seqq.
