2866 5134
267 442 328 502 420
676 434 993 496 COMMENTATIO

265 611 381 662 eundem
397 616 544 662 extremum
562 608 632 661 diem
656 607 760 660 obiisse
777 606 951 660 statuendum
967 607 1034 673 erit3
1056 624 1112 678 que
1133 612 1222 660 autem
1240 623 1308 659 anne
1326 605 1382 659 dles

266 695 311 747 ille
327 694 441 761 obierit,
457 694 614 747 accuratius
632 693 802 745 constituere
825 692 850 744 si
876 691 959 760 velis,
982 691 1028 745 vix
1051 692 1152 746 licebit.
1189 692 1245 756 Qui
1268 691 1382 758 singulari

267 797 334 832 cura
360 780 387 832 in
414 778 481 831 haec
508 778 715 850 inquisiverunt
737 777 791 829 viri
817 776 889 828 docti
916 784 1027 829 uestrae
1054 776 1162 845 aetatis,
1188 776 1383 848 probabilitate·

266 865 401 934 quandum
428 863 514 932 magis
538 862 628 915 secuti
656 878 736 931 quam
761 868 837 914 certa
862 868 984 914 veterum
1010 862 1180 926 testimonia,
1209 860 1341 927 Retinet)
1359 877 1384 910 ac

266 950 420 1001 Schoellius
430 949 484 1021 lul),
502 947 636 1000 Herodoti
652 947 736 999 vitum
749 963 835 1017 supra
848 963 950 998 annum
965 950 1016 999 425
1032 947 1142 1000 extendi
1159 964 1242 1016 pesse
1256 954 1382 1014 negarunt

266 1033 352 1086 Panlo
375 1038 439 1103 pest
459 1049 559 1085 annum
576 1035 628 1085 424
649 1038 744 1084 exacto
759 1030 929 1099 sexagesimo
953 1030 997 1084 vel
1012 1031 1183 1101 sexagesimo
1204 1031 1287 1101 primo
1303 1028 1383 1082 aetate

266 1136 338 1170 suine
354 1118 423 1170 diem
447 1134 603 1187 supremum
622 1116 726 1168 obiisse
745 1115 915 1168 Herodotum
935 1117 1097 1185 pronuntiat
1116 1116 1302 1181 liubinemtt
1321 1129 1383 1184 quem

266 1203 291 1255 si
303 1219 459 1272 sequamur,
471 1202 630 1254 Herodotus
642 1201 721 1253 initia
734 1209 840 1252 tantum
851 1200 914 1252 belli
924 1199 1152 1269 Peloponnesiaci
1167 1219 1239 1254 anno
1252 1204 1297 1255 431
1314 1197 1384 1251 exerti

266 1287 362 1340 videre
377 1287 482 1357 potuit,
504 1287 584 1340 euius
599 1285 766 1338 calamitates
782 1286 823 1337 sic
842 1284 947 1337 indicat
961 1285 1010 1352 vl,
1024 1288 1060 1340 98
1081 1280 1141 1357 (tut
1156 1281 1210 1355 γὰρ
1225 1291 1335 1354 Δαρείοο
1345 1282 1385 1335 τοῦ

260 1366 428 1433 Ὑστάσπεος
450 1369 499 1425 καὶ
519 1369 628 1439 Ξέρξεω
650 1371 701 1424 τοῦ
718 1371 838 1439 Δαρείου
859 1368 908 1423 aul
926 1363 1100 1439 Ἀρτοξέρξεα
1115 1372 1166 1425 τοῦ
1181 1368 1301 1440 Ξέρξεω,
1318 1369 1384 1436 andr

264 1455 383 1512 τουτέων
409 1451 506 1525 ἐπεξῆς
520 1457 623 1525 γενεῶν
637 1449 744 1524 ἐγένετο
767 1452 856 1509 πλέω
875 1449 965 1508 κακὰ
987 1456 1021 1527 τῇ
1042 1449 1179 1510 Ἐλλάδι
1204 1448 1224 1527 ἢ
1250 1450 1293 1510 ἐπὶ
1315 1453 1384 1507 suos

265 1535 350 1605 ἄλλοις
364 1536 461 1611 γενεὰς
475 1536 526 1605 τὰς
539 1535 593 1610 πρὸ
615 1542 736 1607 Δαρείου
750 1538 913 1609 γενομένας,
932 1534 967 1594 τὰ
981 1536 1032 1609 μὲν
1049 1533 1106 1594 ἀπὸ
1121 1542 1181 1596 τῶν
1197 1538 1319 1610 Περσέων
1330 1531 1385 1607 uisi

266 1625 411 1697 resupino,
432 1621 468 1681 eoi
488 1624 524 1681 di
546 1620 602 1679 ἀπ’
626 1618 742 1679 αὐτῶν
762 1626 830 1679 τῶν
850 1627 1058 1694 κορυφαίων
1077 1625 1163 1695 περὶ
1185 1629 1248 1697 τῆς
1262 1619 1385 1693 meso

265 1708 448 1781 λεμεόντων),
472 1721 517 1782 ut,
540 1712 605 1764 licet
624 1718 749 1764 mortuus
770 1711 808 1763 sit
824 1711 992 1763 Artaxerxes
1013 1728 1085 1763 anne
1100 1716 1162 1778 424,
1180 1712 1260 1782 plura
1275 1718 1351 1763 umen
1362 1722 1385 1757 at

266 1799 368 1850 maiora
381 1797 446 1851 belli
461 1795 690 1868 Peloponnesiaci
703 1795 773 1849 mala
787 1795 893 1849 Noster
911 1797 1078 1864 cognovisse
1093 1798 1239 1866 putandus
1260 1796 1307 1861 sit,
1324 1807 1384 1864 quas

266 1900 337 1953 quae
358 1882 452 1953 primis
472 1889 578 1935 tantum
593 1880 656 1935 belli
674 1881 755 1933 huius
771 1880 851 1932 annis
867 1880 1032 1934 acciderant.
1066 1880 1167 1951 Itaque
1193 1883 1217 1935 si
1241 1880 1303 1951 quid
1317 1877 1383 1931 barie-

266 1967 315 2021 luri
330 1968 357 2020 in
377 1967 479 2020 talibus
495 1966 592 2033 liceat,
616 1966 703 2019 malim
717 1965 850 2017 Herodoti
871 1965 955 2017 vitam
973 1965 1122 2019 extendere
1137 1983 1232 2039 usque
1247 1966 1279 2018 sd
1294 1963 1383 2018 modim

264 2055 324 2105 iere
338 2053 437 2105 bellurn
451 2051 728 2121 Peloponnesiacum,
750 2050 819 2103 adeo
842 2057 873 2102 ut
893 2058 969 2102 recte
991 2050 1037 2103 ille
1051 2050 1105 2102 dici
1123 2053 1220 2121 possit
1233 2048 1383 2121 sueardus·

264 2134 340 2207 μέχρι
356 2140 412 2191 τῶν
426 2137 708 2207 Πελοποννησιακῶν,
724 2152 794 2204 quae
809 2135 938 2202 Dionysii
954 2143 1021 2188 sunt
1035 2136 1119 2188 verba
1137 2154 1228 2208 supra
1244 2140 1295 2199 §.1
1310 2133 1382 2191 eluar

266 2223 315 2275 sed
332 2223 405 2275 intra
426 2238 527 2275 anuum
548 2226 599 2275 413
629 2221 777 2273 subsistam
796 2236 886 2289 neque
900 2219 1070 2273 Herodotum
1086 2238 1161 2273 anne
1177 2230 1310 2292 sequente
1324 2216 1380 2288 (llil

265 2307 380 2377 amplius
396 2310 422 2360 in
438 2307 510 2359 vivis
523 2306 612 2359 luisse
628 2306 750 2359 credam:
766 2322 821 2374 quo
837 2305 898 2374 ipse
919 2321 992 2357 anno
1009 2321 1068 2357 cum
1091 2305 1279 2360 Athenienses
1296 2298 1377 2358 'I'hurll¹

266 2393 344 2445 eiecti
360 2394 430 2457 sint,
445 2392 616 2444 Herodotum
640 2407 727 2461 aeque
744 2396 827 2459 atque
841 2389 954 2456 Lysiam
973 2390 1037 2443 inde
1049 2390 1220 2445 discessisse
1235 2391 1373 2454 Athenas«

267 2478 358 2530 denuo
385 2477 498 2547 petiisse
524 2476 598 2546 qued
624 2475 718 2544 plures
743 2474 795 2525 viri
822 2474 896 2526 docti
926 2475 1103 2542 statuentis),
1130 2476 1259 2547 equidem
1284 2475 1317 2526 eh
1333 2469 1374 2523 ih.

267 2580 337 2632 quas
355 2561 457 2632 protuli
472 2571 622 2631 temporum
637 2560 770 2626 rationes,
785 2558 916 2611 accedere
932 2576 1050 2630 nequeo.
1066 2560 1143 2613 Haec
1159 2578 1230 2614 sane
1245 2568 1320 2625 sunt,
1332 2568 1376 2626 qut

267 2648 302 2700 de
316 2654 453 2716 tempore,
466 2664 521 2717 que
539 2645 700 2698 Herodotus
717 2644 798 2696 vitam
813 2644 932 2712 finierit,
948 2644 1039 2714 aliqua
1054 2660 1113 2697 cum
1131 2642 1378 2716 probabilitatisspr

267 2732 308 2784 cie
331 2732 390 2784 erni
411 2738 540 2800 pessunt.
569 2731 624 2782 lam
641 2730 666 2782 si
681 2745 815 2799 quaeras,
841 2727 907 2798 quid
927 2747 975 2799 per
991 2729 1058 2782 illud
1075 2732 1210 2800 temperis
1228 2730 1347 2801 spatium,
1358 2737 1379 2772 εἰ

266 2833 322 2886 qne
338 2816 461 2868 Thurios
478 2815 617 2883 discessit,
639 2831 727 2883 usque
746 2814 779 2867 ad
799 2813 900 2866 obitum
915 2815 1051 2881 gesserit3
1067 2814 1208 2884 expletum
1226 2822 1297 2868 certe
1309 2807 1379 2864 νεώ·

267 2900 332 2952 licet
348 2906 404 2952 tum
417 2899 594 2952 historiarum
609 2917 693 2969 opere
709 2899 736 2950 in
754 2897 875 2951 ordinem
894 2898 1061 2967 redigendo,
1079 2900 1268 2970 perficiendo,
1282 2892 1379 2951 liunlt·
1416 2896 1417 2901 ’

266 2992 322 3036 tum
338 2984 487 3037 itineribus
502 3002 552 3054 per
566 2984 710 3037 Graeciam
725 3000 847 3051 magnam
866 2982 1055 3054 Siciliamque,
1071 2985 1138 3055 quin
1152 2985 1242 3056 ipsam
1255 3001 1301 3055 per
1317 2982 1378 3032 Gr!r

267 3069 333 3120 ciam
354 3070 393 3139 (si
416 3076 491 3121 recte
512 3086 597 3138 supra
620 3068 781 3135 statuimus)
795 3068 892 3121 factis:
914 3085 1126 3140 quemquamne
1145 3071 1189 3123 sic
1211 3069 1313 3141 quidem
1329 3074 1376 3131 ⁰?ss

267 3170 383 3223 prorsus
404 3153 548 3206 absolvere
563 3153 649 3219 licuit,
666 3169 726 3205 cum
741 3161 826 3205 morte
841 3170 994 3223 oppressus
1010 3171 1081 3224 opus
1097 3154 1132 3207 ad
1149 3173 1209 3208 eam
1224 3172 1300 3225 quam
1318 3141 1374 3200 ΝΗ

267 3238 461 3307 perlectionem
481 3238 632 3306 perducere
659 3236 813 3308 iustumque
840 3238 866 3290 si
890 3236 1039 3290 clausulam
1066 3240 1210 3308 imponere
1236 3256 1287 3292 non
1310 3234 1374 3306 Μ

266 3324 337 3393 (vid.
354 3329 424 3376 nott.
440 3322 473 3375 ad
489 3322 536 3391 IX,
555 3324 627 3389 122).
658 3322 719 3374 Nec
735 3323 839 3376 desum
853 3340 919 3375 sane
937 3321 998 3388 leci,
1011 3341 1082 3393 ques
1099 3324 1127 3376 iu
1141 3325 1225 3378 Italia
1239 3319 1376 3385 collectivitt

267 3426 330 3461 esse
345 3408 457 3461 dubium
471 3408 517 3460 vix
532 3415 591 3461 est:
604 3408 651 3473 IV,
664 3410 698 3459 46
717 3407 778 3460 cell.
795 3411 835 3461 lb.
852 3406 901 3473 IV,
919 3410 962 3460 uu.
979 3406 1012 3473 V,
1027 3413 1061 3462 44
1077 3409 1174 3478 ibique
1195 3417 1264 3464 nott.
1294 3406 1324 3458 llt
1335 3398 1378 3450 ἅθ’

266 3493 324 3545 tius
342 3494 476 3548 Nostrum
490 3493 606 3546 Thuriis
622 3501 812 3545 commoratum
838 3509 900 3544 esse
927 3491 969 3545 vel
994 3493 1058 3545 inde
1074 3495 1137 3564 quis
1154 3494 1280 3563 colligat,
1299 3482 1377 3560 qued¹

333 3756 361 3825 *J
384 3760 427 3808 De
451 3759 545 3809 mortis
567 3758 695 3810 Herodoti
719 3765 842 3826 tempore
866 3760 1026 3826 disputatio.
1061 3760 1206 3827 hierbnrgi
1231 3756 1299 3809 1848.
1327 3749 1377 3800 0⁰¹?
1408 3740 1409 3803 l

268 3827 343 3876 leros
356 3841 461 3891 queque
474 3828 546 3889 Ley:
565 3828 607 3877 De
620 3832 751 3893 tempore,
770 3844 822 3893 quo
834 3828 989 3879 Herodotus
1001 3832 1115 3878 mertem
1127 3828 1209 3879 obiit.
1227 3826 1313 3877 Colou.
1324 3812 1376 3869 lhil-

334 3891 364 3924 *²*
401 3893 648 3959 iul'biloleg.1X.
667 3913 693 3961 p.
715 3895 855 3947 ltu—211.

380 3962 391 4027 )
410 3961 427 4010 1.
442 3961 459 4011 l.
478 3978 541 4027 pag.
560 3961 598 4016 ll.
633 3963 701 4013 lude
719 3964 804 4014 Henr.
822 3964 938 4014 Fischer
954 3962 998 4028 (in
1015 3963 1139 4013 thesibus
1157 3962 1290 4013 adiunctis
1300 3956 1377 4005 disse·

268 4030 381 4079 tattoni:
406 4029 547 4079 Historiae
565 4030 728 4096 Argivorum
746 4032 873 4096 fragmm.
896 4032 926 4081 P.
946 4032 968 4080 l.
987 4030 1135 4081 Vratislsv.
1157 4029 1246 4093 1850)
1262 4029 1325 4078 usne
1342 4031 1376 4085 po

268 4099 310 4147 nit
331 4097 435 4147 thesin:
460 4098 627 4148 Herodotum
651 4099 753 4149 diutius
777 4115 857 4165 quam
880 4113 965 4164 usque
990 4099 1024 4148 ad
1047 4099 1156 4165 Olymp.
1180 4099 1228 4149 XC
1250 4096 1280 4161 (i.
1301 4108 1322 4141 e·
1339 4080 1377 4134 ⁴⁸3⁰

269 4170 333 4215 unte
352 4165 416 4217 Chr.
433 4164 475 4231 n.)
494 4166 596 4215 vixisse
616 4172 644 4215 et
661 4167 806 4232 scripsisse
824 4167 935 4233 probari
952 4182 1008 4216 non
1026 4172 1124 4232 petest

335 4231 367 4299 †)
386 4233 465 4283 Geni.
484 4232 513 4282 O.
533 4234 579 4283 Fr.
598 4235 748 4283 Hermann.
765 4234 825 4285 Vol.
845 4235 881 4285 ΙΙ.
899 4250 926 4299 p.
946 4233 997 4284 700
1014 4235 1056 4283 od.
1075 4239 1168 4295 nostr,
1189 4234 1233 4284 cui
1250 4223 1375 4300 adsentitur

267 4300 398 4351 Schiller:
421 4301 465 4351 De
487 4301 624 4351 Thuriorr.
648 4301 730 4352 rebus
752 4319 778 4368 p.
802 4301 836 4352 33
863 4303 982 4367 itemque
1005 4302 1057 4351 Tb.
1081 4301 1193 4353 Miiller:
1223 4302 1263 4351 De
1284 4295 1374 4344 ruane

266 4384 340 4486 melo
347 4368 452 4434 republ.
474 4384 501 4435 p.
525 4367 569 4431 48,
594 4368 761 4434 Lahmeyer:
791 4371 833 4419 De
858 4369 947 4419 libelli
967 4369 1129 4420 Plutnrehei
1155 4374 1209 4419 ete.
1235 4358 1373 4417 aucten'ltl‘

268 4453 293 4502 p.
351 4452 408 4502 seq.
