2932 5124
20 1948 21 1979 ἓ
120 1944 262 2011 Schweigh.
273 1948 304 1993 et
314 1942 403 1994 Gaisf,
413 1941 502 1992 secuti
511 1948 582 2005 sunt,

20 2068 21 2095 ³
120 2080 173 2129 dum
194 2097 226 2130 ex
250 2095 303 2130 ora
319 2078 453 2143 Stephani
475 2078 503 2126 ln

442 351 647 413 URANIA.
672 354 763 413 VIII.
790 362 846 415 109.
872 364 929 415 110.
1194 360 1254 421 165

125 520 350 613 καὶπρότερον
368 526 568 612 δεδογμένος
586 522 673 593 εἶναι
689 521 803 613 σοφὸς,
823 523 930 613 ἐφάνη
950 522 1014 595 έάν
1031 522 1183 615 ἀληθέως
1200 548 1253 597 σο-

125 625 180 713 φός
196 653 230 694 τε
247 628 303 695 καὶ
322 622 498 717 εὔβουλος,
522 622 654 707 πάντως
672 628 794 716 ἑτοῖμοι
812 615 898 714 ἦσαν
914 629 1044 716 λέγοντι
1061 636 1251 698 πείθεσθαι.

121 722 170 808 Ὡς
186 727 221 796 δέ
239 716 337 796 οὗτοί
349 732 385 796 oi
398 722 644 817 ἀνεγνωσμένοι
662 717 759 817 ἦσαν,
779 724 898 799 αὐτίκα
921 725 1002 818 μετά
1028 733 1132 799 ταῦτα
1155 725 1172 799 ὁ
1192 740 1252 800 Θε-

123 830 305 918 μιστοκλέης
327 825 453 918 ἄνδρας
475 824 648 918 intumus
672 837 805 919 ἔχοντας
828 839 962 919 πλοῖον,
992 847 1077 901 τοῖσι
1101 834 1253 905 ἐπίστευε

123 934 211 1019 σιγᾶν
229 933 262 1010 ές
279 932 390 1000 πᾶσαν
408 929 555 1017 βάσανον
572 927 858 1022 ἀπικνεομένοισι,
882 929 922 1002 τά
944 929 1043 1014 αὐτὸς
1068 936 1251 1004 ἐνετείλατο

123 1039 246 1120 βασιλέι
259 1029 403 1123 φράσαι·
421 1035 489 1101 τάν
506 1030 561 1102 καὶ
579 1041 738 1116 Σίκιννος
754 1029 772 1104 ὁ
790 1036 917 1123 οἰκέτης
934 1022 1028 1116 αὖτις
1046 1038 1184 1124 ἐγένετο,
1220 1043 1255 1105 οἳ

124 1138 238 1204 ἐπείτε
254 1128 416 1205 ἀπίκοντο
433 1130 515 1225 πρὸς
532 1131 594 1222 τὴν
608 1131 773 1226 Ἀττικὴν,
795 1139 831 1206 οἱ
852 1137 915 1226 μὲν
936 1139 1116 1226 κατέμενον
1136 1138 1189 1206 ἐπὶ
1206 1139 1253 1230 τῷ

122 1332 655 1399 tuseusapieasidiciturThemistoclen
707 1334 841 1402 gloriatur
857 1335 902 1386 hic
920 1351 950 1387 se
971 1341 1078 1402 patrem
1100 1334 1250 1401 (Xerxem),

122 1401 245 1452 Matthiae
256 1401 304 1452 Gr.
312 1400 358 1451 Gr.
368 1401 393 1462 ξ.
402 1399 461 1463 495,
475 1416 498 1451 c.
510 1401 561 1451 hoc
571 1403 657 1466 parti·
708 1419 769 1453 cum
781 1405 811 1453 in
822 1402 917 1454 Asiam
934 1405 1037 1454 reverti
1054 1403 1155 1467 vellet,
1171 1420 1250 1469 proe-

122 1470 213 1536 cipium
230 1464 407 1533 δεδογμένος
424 1474 539 1518 revocat
557 1470 592 1519 ad
610 1462 643 1521 δέ
652 1498 655 1505 ·
706 1470 744 1521 lio
757 1472 829 1537 opud
839 1471 982 1523 Salamina
994 1473 1069 1522 iacto
1085 1471 1175 1522 literis
1193 1487 1251 1521 cer-

122 1535 225 1601 dostus,
242 1540 381 1594 decretum,
393 1538 552 1587 corutttruum
564 1545 602 1587 cst
616 1538 656 1601 (ut
705 1539 803 1589 tiorem
813 1540 924 1600 fecisse,
938 1539 966 1588 id
976 1540 1032 1605 agi,
1044 1545 1075 1588 ut
1083 1555 1159 1605 pons,
1170 1555 1251 1605 quem

122 1606 165 1666 lll,
175 1604 214 1655 68.
227 1605 278 1667 VI,
294 1604 450 1668 statuique
466 1609 535 1654 nott.
546 1605 599 1667 lx,
613 1603 654 1654 60.
705 1606 734 1655 in
751 1606 933 1673 Hellesponto
950 1607 1069 1669 fecerat,
1087 1606 1251 1657 dissolvere·

121 1673 156 1723 tt
167 1672 230 1737 87.)‚
249 1673 321 1722 adeo
339 1676 370 1722 ut
387 1676 463 1721 certa
481 1676 509 1721 et
524 1677 656 1723 constans
705 1679 750 1723 tur
769 1679 852 1738 atque
876 1674 910 1723 ab
932 1673 1056 1724 hostibus
1078 1674 1249 1735 circuiretur,

120 1740 318 1791 Atheniensium
341 1739 433 1804 opinio
451 1739 484 1788 de
502 1740 654 1790 Themisto·
706 1756 793 1806 eoque
811 1742 907 1791 nuntio
919 1741 1036 1791 Xerxem
1054 1740 1176 1805 periculo
1189 1757 1250 1791 esse

121 1808 165 1859 elis
176 1809 323 1874 prudentia
340 1809 396 1856 iam
413 1809 489 1871 prius
507 1812 591 1873 capta
607 1808 654 1857 de·
704 1808 862 1858 liberatum.
887 1808 955 1857 Mihi
967 1808 1020 1858 hac
1033 1809 1061 1857 in
1074 1823 1103 1857 re
1116 1824 1170 1857 non
1184 1808 1250 1858 mul-

20 1896 21 1939 }
120 1876 236 1927 claretur.
273 1877 340 1925 Mox
351 1874 478 1941 plerique
490 1874 569 1937 libri,
606 1891 655 1926 uos
706 1882 762 1925 tum
780 1875 891 1926 differre
909 1876 1029 1934 videtur,
1048 1890 1125 1937 num,
1147 1880 1179 1924 ut
1194 1876 1250 1925 He·

588 1892 654 1995 hui·
705 1944 817 1995 rodotus
837 1944 935 2005 tradit,
962 1959 1011 2009 per
1032 1944 1155 1993 nuntium
1178 1943 1250 1993 clam

20 2022 21 2041 ³
120 2011 281 2076 στενσε,ιι1)ἱ
295 2010 360 2060 olim
374 2001 511 2072 έπέτελλε,
525 2011 595 2128 quod
609 2011 655 2060 du·
706 2028 768 2062 cum
780 2013 871 2062 Xerxe
890 2014 979 2077 egerit
994 2010 1196 2061 Themistocles
1214 2027 1250 2060 en

541 2076 655 2129 πίστευε
705 2080 794 2129 literIs
807 2079 843 2129 ad
855 2095 946 2144 regem
960 2079 1105 2128 Persarum
1118 2078 1203 2141 datis,
1219 2085 1250 2128 ut

119 2152 227 2197 mutarat
240 2146 447 2197 Valckenarius
462 2146 504 2196 sic
520 2146 655 2212 iuterpre·
707 2147 756 2198 alii
769 2147 892 2197 tradunt:
910 2147 939 2196 id
951 2152 1026 2197 certe
1038 2152 1153 2211 utroque
1170 2147 1249 2197 testi-

119 2220 185 2265 tsns:
203 2222 402 2281 querulosaque
419 2215 550 2264 tormentis
561 2230 654 2264 excru-
705 2216 796 2265 monio
809 2220 894 2279 patet,
908 2215 980 2264 clam
991 2231 1051 2264 cum
1060 2215 1151 2263 Xerxe
1160 2219 1249 2264 trans·

118 2287 249 2341 ιίονεκιιιν,
264 2284 342 2345 fideli
351 2281 473 2331 credebat
484 2285 656 2332 occultaturos
706 2283 797 2347 egisse
819 2281 1046 2341 Themistoclem
1058 2278 1062 2285 '
1075 2297 1164 2346 neque
1184 2281 1248 2331 inde

118 2353 206 2401 alentio
224 2366 292 2417 quae
308 2352 366 2413 repi
380 2350 524 2399 mundasset
537 2351 653 2399 cluendo.
706 2365 767 2399 oum
785 2349 933 2398 Dunclrero
956 2349 1136 2410 (Geschichte
1158 2349 1185 2397 d.
1202 2346 1248 2398 Al-

119 2417 169 2469 llec
193 2418 276 2469 aliter
307 2419 418 2482 accepit
440 2416 654 2482 Wesselingius:
705 2415 786 2466 terth.
801 2417 847 2466 IV.
860 2433 885 2480 p.
897 2414 959 2478 816)
973 2415 1122 2481 malignum
1134 2415 1248 2464 dixerim

117 2486 172 2536 inde
187 2486 316 2552 equidem
333 2500 395 2534 cum
408 2489 523 2534 recentt,
536 2485 597 2535 edd.
610 2501 653 2534 re·
705 2483 888 2545 Herodotum,
913 2482 948 2532 de
971 2481 1154 2531 Themistocle
1179 2482 1250 2532 talia

119 2554 173 2617 cepi
189 2545 330 2605 ἐπίστευε.
344 2578 375 2587 -
392 2554 435 2602 De
449 2552 552 2603 Sicinno
570 2567 653 2618 quae·
704 2557 871 2610 narrantem,
885 2565 973 2614 neque
987 2564 1048 2599 cum
1061 2548 1117 2598 alio
1130 2550 1189 2599 viro
1202 2550 1249 2598 do·

118 2620 172 2671 dam
188 2622 332 2672 attulimus
349 2620 385 2670 ad
403 2620 479 2679 VlIl,
499 2620 546 2683 75,
575 2621 653 2670 cuius
705 2626 750 2669 cto
768 2618 843 2679 (Chr.
856 2619 1020 2667 Puetterero
1036 2617 1065 2665 in
1077 2616 1250 2666 Commenta·

118 2687 170 2739 loco
185 2689 343 2754 Polyaenus
358 2688 386 2749 1,
403 2686 449 2749 30,
468 2686 484 2738 3
501 2692 584 2739 vocat
599 2678 653 2751 Ἀμ-
705 2688 779 2737 tione
798 2686 876 2737 modo
896 2685 1010 2735 laudata
1022 2701 1049 2750 p.
1060 2683 1105 2745 21)
1122 2684 1157 2733 ad
1170 2684 1248 2733 iabu-

119 2750 214 2820 σάιην;
232 2755 400 2807 Plutarchus
416 2754 528 2806 Aristid.
545 2754 570 2805 9.
589 2771 652 2820 pag.
706 2756 748 2806 las
770 2755 925 2813 reiecerim,
951 2768 1021 2817 quae
1037 2751 1194 2801 Herodotus
1214 2752 1248 2801 de

118 2822 195 2875 tutu.
213 2825 349 2875 Themist.
365 2822 404 2872 16.
418 2839 482 2888 pag.
498 2822 582 2873 1200.
600 2813 654 2884 Ἀρ-
705 2821 892 2872 Themistocle
908 2821 1026 2871 Xerxem
1044 2820 1190 2869 certiorem
1208 2818 1248 2868 fa·

119 2888 213 2957 νάκην,
233 2893 343 2958 regium
361 2890 513 2941 eunuchum
527 2896 555 2940 et
567 2892 654 2955 capti*
705 2892 797 2940 ciente
814 2890 848 2939 de
867 2889 1035 2939 Graecorum
1056 2887 1181 2938 consiliis
1196 2886 1249 2936 hoc

119 2961 279 3011 sumseribit
289 2960 399 3009 missurn
413 2973 474 3009 esse
484 2959 519 3009 ad
528 2959 654 3008 Xerxem.
705 2958 767 3008 loco
791 2960 912 3007 enarrat.
951 2955 1120 3006 Herodotum
1144 2955 1173 3003 iu
1195 2954 1249 3003 hac

119 3027 178 3078 Cum
188 3028 329 3079 Herodoto
341 3027 412 3076 facit
420 3025 557 3076 Diodorus
566 3026 612 3085 XI,
626 3025 656 3075 ll)
707 3041 812 3091 quoquc
834 3040 863 3074 re
885 3023 956 3073 nihil
977 3023 1052 3073 alind
1072 3022 1174 3073 iecisse
1192 3022 1249 3072 oxi·

119 3095 324 3147 sThemistocle
336 3109 452 3145 narrans
464 3093 581 3144 filiorum
591 3109 656 3159 pue·
706 3094 787 3143 stimo
803 3092 856 3142 nisi
874 3096 1004 3142 accurate
1018 3090 1159 3151 retulisse,
1178 3104 1249 3154 quae

119 3163 245 3230 dsgognm
257 3163 371 3213 missum
385 3177 461 3225 csse,
478 3164 597 3226 itemque
610 3162 655 3211 Iu·
705 3161 779 3211 inter
788 3160 910 3210 Graecos
923 3174 1020 3224 sparsa
1033 3164 1112 3208 erant
1124 3171 1248 3223 quaeque

119 3233 197 3282 stiuus
207 3233 241 3293 ll,
251 3230 293 3293 13,
304 3246 353 3296 per
362 3245 470 3280 servum
480 3228 559 3279 lidum
572 3229 656 3279 Xerxi
705 3228 831 3293 probatis
844 3228 878 3276 sb
889 3227 1047 3277 auctoribus
1058 3226 1119 3290 ipse
1132 3240 1248 3289 accepe-

120 3296 182 3349 hscc
199 3300 338 3349 indicasse
356 3296 570 3347 Themistoclem
594 3312 655 3346 nar·
705 3302 757 3346 rat.
787 3297 828 3345 Es
841 3295 954 3344 Ctesiae
966 3294 1115 3358 Escerptis
1127 3292 1249 3342 Persicis

120 3381 184 3417 rans.
219 3365 301 3429 Quod
318 3382 383 3415 vero
400 3366 473 3430 apud
489 3365 611 3428 Thucyd.
632 3366 653 3427 l,
706 3363 775 3413 nihil
801 3362 957 3412 accuratius
986 3361 1020 3410 de
1048 3360 1092 3409 his
1118 3359 1248 3423 cognosci

122 3432 172 3496 its,
184 3451 215 3484 ex
226 3450 280 3500 qno
292 3432 655 3497 hausitCorncl.Nep.The-
705 3446 787 3497 posse
799 3430 891 3489 doleo,
910 3430 933 3478 si
951 3428 1060 3493 quidem
1078 3426 1130 3477 hoc
1143 3431 1248 3476 tantum

121 3501 226 3552 mistocl.
236 3502 262 3565 9,
276 3500 478 3551 Themistocles
487 3500 584 3550 literas
596 3501 656 3565 regi
707 3499 872 3564 epitomator
899 3496 962 3546 inde
987 3495 1134 3560 exscripsit
1156 3495 1179 3555 ἕ,
1195 3493 1249 3573 ,21η

120 3570 256 3636 scripsisse
268 3574 410 3632 narratur,
430 3569 459 3618 id
472 3569 531 3619 iure
543 3569 656 3617 miratur
706 3566 756 3617 sul
780 3557 881 3630 φεάγει
901 3557 976 3627 Ξέρξ
998 3579 1025 3623 ς,
1050 3561 1138 3629 βου1”
1161 3562 1249 3611 uultu

121 3636 279 3689 Valckenar.
292 3637 408 3702 indeque
423 3637 456 3687 ob
469 3635 603 3686 Herodoti
615 3640 654 3686 te·
706 3631 756 3714 sul
768 3627 853 3699 τέχνῃ
867 3580 1036 3697 Ἀριστείάον
1051 3626 1101 3680 καὶ
1114 3579 1248 3694 gautero-

105 3706 269 3755 ·stimonium
286 3721 304 3754 a
320 3710 377 3754 tarn
395 3709 477 3754 cauto
488 3704 655 3769 imperatore
706 3703 806 3759 κλεονς
818 3717 843 3751 κ.
856 3716 879 3750 τ.
892 3700 916 3751 t.
1220 3748 1231 3773 z

121 3786 164 3822 css
174 3775 293 3838 scriptas
305 3788 366 3823 esse
379 3777 476 3837 negat,
493 3771 655 3837 praesertim
740 3768 796 3819 τῶν
812 3765 862 3819 aul
875 3767 1011 3825 Σίκιννος
1026 3761 1042 3815 ὁ
1058 3758 1171 3845 οἰκέτης
1188 3780 1247 3814 οιν-

121 3852 175 3889 cust
187 3842 248 3906 ipsa
259 3856 305 3891 res
321 3841 359 3890 sit
375 3840 487 3890 misime
504 3838 655 3889 credibilis.
705 3854 758 3896 τις
775 3828 896 3901 έγένετο]
914 3835 1020 3886 Vocula
1037 3850 1119 3892 αντις
1138 3830 1248 3895 (iterum)

120 3905 245 3958 Nimirum
262 3908 290 3957 in
302 3909 338 3958 iis
349 3907 450 3967 literis,
468 3922 537 3972 quas
548 3912 655 3972 postea,
706 3911 817 3971 spectat
831 3904 864 3955 ad
878 3916 925 3961 ea,
943 3918 1013 3968 quae
1026 3910 1109 3968 supra
1121 3900 1203 3963 VIII,
1216 3899 1248 3949 75

110 3966 185 4025 'teste
191 3976 350 4039 Thucydide
360 3972 391 4037 (1,
404 3974 461 4035 138)
477 3981 512 4039 et,
526 3975 572 4039 qul
582 3968 656 4023 hunc
705 3973 810 4024 tradita
821 3972 958 4036 leguntur.
1158 4027 1164 4045 1
1197 4024 1205 4046 ‚

122 4042 245 4107 sequitur,
258 4041 385 4095 Cornelio
394 4043 500 4107 Nepote
510 4043 576 4104 (vit.
583 4040 655 4091 The·
741 4035 769 4091 οἳ
783 4031 848 4090 tut
858 4052 887 4088 ss
900 4030 1039 4089 α’κίκοντο
1051 4029 1122 4100 πρὸς
1134 4050 1187 4100 την
1197 4036 1248 4085 Aa·

123 4110 282 4181 numelli),
302 4109 337 4162 ad
349 4112 541 4171 Artaxerxem,
558 4109 657 4160 Xerxis
706 4102 799 4174 τικὴν]
824 4106 1022 4157 EFlorentiuo
1045 4104 1154 4170 reposui
1172 4093 1251 4152 έαεί

123 4174 199 4227 hlium
209 4182 238 4228 ct
246 4174 442 4240 successorem,
449 4178 558 4227 dedisse
569 4178 657 4226 fertur
706 4191 755 4238 τε,
792 4175 908 4226 rohante
922 4174 1038 4224 Bredov.
1055 4188 1119 4237 pag.
1135 4167 1181 4231 39,
1199 4184 1248 4233 pro

123 4241 329 4305 Themistocles,
360 4244 396 4295 ad
419 4246 532 4295 Persam
560 4244 656 4295 conlu-
707 4193 979 4308 inergumenum
990 4240 1250 4316 Schaeferotenent

124 4311 195 4374 gicns
224 4315 334 4379 eiusque
369 4313 519 4364 amicitiam
547 4316 654 4378 petens,
708 4310 832 4362 nonnulli
849 4309 977 4360 editores,
1013 4308 1152 4371 „Mittitur
1168 4317 1249 4353 navis
