2826 5132
273 419 330 479 DE
353 422 457 480 VITA
479 422 536 481 ΕΤ
559 421 753 483 SCRIP'PIS
776 421 1011 482 HHRllDOTI.
1148 430 1209 489 405

93 594 207 660 nepotem,
221 591 423 662 philosophum,
445 593 494 663 qui
507 593 676 647 Herodotum
690 592 813 646 Thurios
827 592 1046 662 proficiscentem
1067 594 1210 651 comitatus

92 675 232 729 domicilium
249 676 364 730 Thuriis
386 694 446 730 cum
468 677 611 732 Herodoto
627 678 754 749 posuerit
773 680 851 749 (pag.
871 678 926 745 72),
948 678 977 729 id
997 697 1031 732 ex
1051 680 1210 734 coniectura

90 777 163 829 eaque
184 761 259 816 valde
278 761 384 815 incerta
405 762 521 816 fluxisse
543 762 605 816 mihi
628 763 747 817 videtur.
788 762 890 815 Nullus
911 766 1057 832 praeterea
1074 765 1208 818 Herodoti

90 850 206 913 cognatus
219 853 390 900 memoratur.
425 848 482 911 Qui
497 848 567 901 enim
581 847 658 915 vni,
682 850 731 903 132
746 855 909 901 memoratur
924 850 1087 915 Herodotus,
1111 851 1208 903 llaeili-

89 930 130 983 dae
143 929 220 999 lilius,
236 932 339 999 Chiae,
361 938 496 1001 cognatus
512 951 574 987 num
589 934 689 1002 luerit,
705 934 832 1001 dubium3
852 949 967 1003 namque
984 935 1101 987 nominis
1117 935 1209 988 simili·

88 1014 143 1067 tudo
156 1015 310 1086 scriptorem
326 1034 437 1072 movere
450 1017 557 1088 potuit,
585 1024 617 1071 ut
630 1018 713 1071 huius
729 1017 901 1087 potissimum
917 1019 1079 1072 mentionem
1095 1020 1209 1073 laceret.

603 1205 626 1266 S.
643 1206 670 1259 3.

156 1355 195 1408 De
216 1354 379 1408 educatione
397 1362 425 1409 et
445 1354 622 1411 inetitutione
642 1355 777 1408 Herodoti
801 1354 867 1408 nihil
890 1356 1019 1409 traditum
1043 1358 1206 1426 accepimus.

87 1440 180 1493 Homeri
201 1440 366 1494 carminibus
388 1441 510 1494 eximiam
529 1441 602 1493 illum
619 1440 730 1494 dedisse
746 1457 855 1510 operam
877 1440 921 1493 rel
937 1442 1002 1495 inde
1018 1441 1110 1511 colligi
1127 1461 1209 1513 posse

87 1531 151 1594 putat
172 1527 268 1594 laeger
286 1525 409 1596 Disputt.
431 1526 554 1580 Herodd.
582 1543 609 1595 p.
636 1529 663 1590 5,
692 1525 767 1595 quod
789 1532 832 1578 tot
859 1525 972 1579 Homeri
997 1528 1154 1581 sententiae
1180 1530 1208 1581 in

87 1609 202 1664 Herodoti
214 1610 307 1664 Musis
323 1628 471 1681 expressae
488 1616 647 1677 occurrant,
669 1610 739 1662 addo
753 1615 796 1662 tot
809 1611 904 1677 rerba,
919 1618 962 1663 tot
975 1610 1128 1665 locutiones
1144 1613 1209 1667 inde

87 1693 257 1767 depromptae,
278 1695 344 1765 quin
361 1695 447 1749 omnia
469 1695 602 1748 orationis
621 1696 707 1747 forma
728 1701 756 1747 et
776 1694 883 1748 indoles
898 1696 932 1748 ad
947 1697 1084 1766 poeticum
1110 1715 1133 1750 s.
1150 1698 1208 1768 epi-

86 1796 134 1832 cum
151 1797 298 1834 sermonem
318 1781 471 1833 ascendens
495 1781 640 1851 ipsumque
664 1785 852 1847 argumentum
874 1779 907 1831 ad
930 1781 1001 1851 epici
1021 1780 1149 1834 carminis
1165 1799 1208 1836 ra·

86 1864 170 1917 donem
194 1865 371 1919 distributum
399 1874 427 1918 et
450 1866 654 1919 conformatum.
685 1863 748 1916 Vid.
771 1864 844 1917 inira
872 1865 898 1926 S.
930 1869 972 1918 12.
999 1864 1039 1919 Ac
1061 1872 1209 1936 praeterea

86 1949 228 2006 adolescene
247 1950 389 2005 lectitasse
409 1951 518 2003 videtur
536 1949 669 2003 Hecataei
686 1949 789 2002 Milesii
813 1948 917 2025 libros,
933 1967 984 2020 per
999 1950 1102 2004 leniam
1121 1951 1208 2005 Grae-

87 2033 190 2105 ciamque
213 2044 281 2090 tunc
296 2035 427 2105 temporie
449 2035 527 2088 valde
541 2040 710 2105 propagatos
729 2042 757 2088 et
778 2033 932 2087 celebratos
942 2030 987 2105 *);
1009 2036 1083 2088 unde
1100 2036 1209 2089 iuveni-

87 2119 126 2172 lem
138 2120 276 2193 scriptoris
292 2121 407 2173 animum
429 2121 463 2173 ad
485 2119 582 2173 similia
603 2118 734 2172 tentanda
756 2119 898 2174 incensum
914 2120 1005 2173 luisse
1022 2120 1093 2173 haud
1108 2121 1208 2191 impro-

87 2204 168 2257 babilis
183 2206 304 2259 eiusdem
321 2205 428 2274 Iaegeri
443 2211 486 2258 est
502 2204 662 2258 coniectura
675 2205 694 2259 l.
712 2203 730 2258 l.
746 2222 774 2273 p.
790 2208 816 2261 a.
832 2205 1079 2275 Logographornm
1103 2206 1207 2276 scripta

89 2288 236 2345 Herodotum
262 2291 375 2344 novisse
395 2306 453 2343 cum
474 2288 666 2362 Creuaero**)
687 2294 795 2341 statuas
818 2289 896 2355 licet;
919 2298 947 2342 et
966 2290 1059 2359 potuit
1073 2307 1141 2343 sane
1155 2291 1207 2342 Pa-

90 2376 180 2441 nyasis,
202 2376 245 2429 vir
267 2381 359 2428 aetate
379 2374 536 2445 provectior
559 2374 685 2444 idemque
707 2380 735 2426 et
752 2373 957 2427 eruditissimus
974 2382 1001 2426 et
1022 2375 1209 2428 celebratissi-

92 2474 148 2525 nos,
167 2460 275 2514 invenis
297 2460 411 2514 animum
433 2458 466 2510 ad
491 2458 585 2511 literae
608 2457 765 2511 tractandae
786 2457 893 2525 erigere
910 2458 986 2511 etad
1002 2459 1100 2512 altiora
1116 2460 1209 2512 studia

95 2545 303 2611 pronavereffl),
321 2546 379 2597 Hoc
393 2544 471 2597 modo
485 2542 620 2597 maturius
637 2544 666 2595 in
678 2542 863 2596 adolescentis
877 2543 966 2595 animo
980 2543 1048 2596 illud
1064 2544 1208 2598 consilium

99 2624 199 2684 duanae
219 2630 380 2685 scribendae
403 2628 535 2700 orbisque
559 2636 695 2681 terrarum
718 2627 744 2680 in
768 2628 840 2680 bunc
859 2629 940 2681 finem
957 2628 1125 2698 peragrandi
1141 2630 1208 2682 oriri

98 2715 173 2781 potuit,
194 2717 267 2787 quod
287 2719 383 2786 postea
406 2720 448 2766 tot
467 2730 600 2766 annorum
622 2714 742 2766 decursu
762 2721 815 2765 tam
840 2713 936 2766 eximie
952 2713 1027 2766 illum
1049 2720 1208 2768 exsecutum

96 2812 139 2850 use
152 2800 280 2855 ridemus.

155 2885 346 2940 Halicarnasso
362 2884 470 2936 Samum
490 2884 623 2952 migrasse
640 2883 810 2936 Herodotum
831 2883 865 2935 ob
879 2883 1058 2952 Lygdamidis
1080 2885 1208 2951 tyranni·

94 2963 137 3019 den
153 2968 232 3041 inque
248 2970 326 3023 Sarno
342 2969 461 3022 lonicum
480 2968 623 3021 dialectum
645 2967 716 3038 (rid.
733 2967 805 3020 inira
821 2973 846 3034 §-
862 2971 918 3037 14.)
935 2969 1060 3021 edoctum
1075 2968 1207 3021 historiae

93 3055 267 3125 conscripsisse
281 3053 402 3124 indeque
416 3054 445 3106 in
468 3055 561 3108 urbem
578 3053 803 3106 Halicarnassum
821 3069 993 3121 regreseum,
1010 3071 1069 3106 cum
1087 3064 1207 3121 tyranno

93 3134 161 3191 electo
175 3157 190 3191 a
206 3140 313 3193 civibus
328 3136 434 3192 inridid
448 3155 573 3209 pressum
590 3156 621 3191 se
638 3138 760 3206 rideret,
781 3138 904 3191 Thurios
923 3138 986 3192 binc
1001 3138 1206 3205 ‹liscessisee†)

92 3216 173 3276 fluidae
186 3227 269 3278 relert
290 3223 308 3276 l.
331 3241 417 3294 snpra
433 3223 450 3279 l.
468 3241 541 3290 vera,
557 3230 588 3276 ut
599 3223 727 3290 ridetur,
743 3222 822 3276 falsis
839 3223 1023 3292 commiscens,
1039 3223 1114 3276 nulla
1129 3223 1208 3276 etiarn

92 3303 166 3361 adaia
178 3316 325 3379 temporum
339 3309 476 3381 annique,
491 3325 546 3379 quo
564 3307 674 3377 singula
689 3308 756 3361 haec
774 3308 931 3377 acciderint,
947 3308 1098 3362 notatione.
1128 3308 1208 3371 Quae

92 3404 144 3443 vero
157 3394 219 3448 idem
234 3389 390 3470 Suidasst)
416 3394 450 3447 de
465 3394 620 3447 commercio
641 3392 777 3445 Herodoti
800 3409 860 3446 cum
877 3392 1006 3446 Choerilo
1026 3394 1110 3461 poeta
1123 3393 1208 3444 tradit

93 3521 267 3537 3*—

145 3607 259 3673 'l-Coui.
268 3611 396 3662 Creuzer.
408 3610 592 3660 inHietoricc.
606 3609 749 3673 antiquiss.
764 3608 889 3673 fragmm.
900 3623 926 3673 p.
941 3606 978 3658 16.
992 3607 1052 3659 vio.
1067 3608 1141 3659 infra
1150 3608 1206 3670 §.a

145 3674 179 3737 “l
195 3680 261 3733 ibid.
274 3697 299 3746 p.
312 3679 346 3730 95
358 3695 415 3744 aeq.
430 3679 491 3729 Vid.
504 3678 578 3728 iufra
589 3679 612 3739 §-
625 3675 651 3726 8.

143 3741 192 3809 *l
203 3748 330 3798 Pluribus
342 3748 413 3798 haec
426 3747 599 3813 persequitur
610 3743 720 3795 Schoall
733 3742 903 3808 lnPhilolog.
918 3744 1021 3809 Xpug.
1036 3742 1069 3794 38
1081 3760 1156 3809 seqq.
1172 3744 1207 3794 ad

93 3806 218 3876 Pauyaeim
229 3816 360 3877 referens,
375 3830 553 3881 quaecunque
566 3814 594 3863 in
606 3812 740 3863 Herodoti
752 3812 839 3861 Musis
856 3811 984 3877 leguntur
999 3812 1032 3862 da
1046 3813 1207 3877 antiquiori·

93 3875 223 3996 bospoitie
240 3898 387 3948 eorumque
404 3882 584 3943 carminibus,
598 3882 718 3945 itemque
731 3893 821 3931 rerum
834 3879 986 3931 diuinarum
998 3879 1064 3929 illud
1078 3880 1205 3939 studium,

93 3958 135 4007 (111⁰
161 3953 198 4000 tot
209 3951 347 4002 Muearum
358 3951 415 4002 loci
427 3950 579 4002 declarant.

148 4013 174 4079 †)
184 4017 254 4070 liinc
266 4019 433 4084 Weeaeling.
446 4019 476 4067 in
487 4017 611 4068 preerat.
624 4033 651 4082 p.
664 4016 690 4079 3,
705 4031 782 4080 quem
796 4016 918 4080 sequitur
929 4015 1094 4077 Leochares,
1108 4016 1207 4065 statuit

94 4078 187 4135 adamo
198 4086 345 4150 proiectum
356 4086 524 4137 Herodotum
537 4086 637 4135 itinera
649 4085 817 4148 errecepiese,
840 4099 854 4133 e
868 4083 965 4148 quibua
979 4098 1116 4134 reversum
1130 4084 1206 4134 ciues

95 4159 146 4197 ¹⁰0³
156 4152 187 4202 ad
198 4156 314 4218 patriam
326 4155 520 4205 Halicarnasei
532 4152 704 4204 liberandam
717 4152 864 4202 adiuvisse.
881 4151 936 4201 Rea
949 4152 1055 4200 incerta
1068 4167 1100 4200 ac
1112 4151 1205 4201 dubia.

94 4266 100 4280 ,
151 4217 194 4282 ††l
206 4222 355 4273 s.v.'l'.III.
368 4239 395 4288 p.
408 4220 460 4273 695
472 4221 520 4284 (11,
531 4220 554 4269 2.
565 4236 592 4285 p.
607 4218 800 4281 loalssernhm
814 4211 1075 4282 XoepliocZoipcoc·
1088 4211 1162 4275 ceole
1174 4206 1205 4267 d'

97 4277 178 4345 lario,
198 4279 277 4340 citior
294 4282 323 4341 δ’
337 4281 553 4354 Ἁλικαρνασσέα
573 4282 734 4352 ἱστοροῦσι,
758 4280 895 4352 γενέσθαι
912 4279 945 4336 δὲ
962 4279 1034 4336 κατὰ
1052 4277 1204 4335 Πανύασιν

97 4350 146 4407 ²⁰53
159 4347 278 4471 pudeam,
298 4349 345 4409 ἐπὶ
362 4351 395 4409 dl
414 4354 470 4406 cciv
487 4354 635 4421 Περσικῶν
648 4344 805 4420 ὀλυμπιάδι
818 4347 855 4405 oa‘
873 4353 1026 4404 νεανίσκον
1041 4341 1098 4418 ἤδη
1117 4345 1204 4414 εἶναι,

99 4410 156 4468 dorii
202 4438 232 4475 τε
248 4424 362 4493 Σαμίου
378 4416 456 4484 τινὸς
469 4414 557 4475 αὐτὸν
569 4417 719 4490 γενέσθαι,
734 4415 833 4488 εὐειδῆ
844 4413 922 4472 πάνυ
933 4416 986 4486 τὴν
997 4412 1087 4485 ὥραν,
1101 4422 1206 4485 φαγεῖν
