2866 5134
163 392 224 453 459
576 384 892 446 ΟΟΜΜΕΝΤΑΤΙΟ

162 578 232 631 quos
251 559 326 611 illum
339 576 402 611 sese
420 564 515 610 tenere
530 576 644 610 neeesse
663 558 709 623 sit,
726 567 874 627 certusque
890 557 970 609 etiem
994 575 1078 627 opum
1092 575 1123 609 ec
1146 556 1307 609 divitiarum

161 645 257 697 modus
273 644 444 709 destinatus,
460 660 534 710 eum,
554 644 602 712 qni
619 643 691 695 bunc
704 642 810 695 modum
824 642 960 695 divinitus
975 643 1155 695 constitutum
1169 642 1307 694 excedere

164 730 245 798 velit,
268 729 389 782 divinum
406 729 529 797 reprimit
544 745 641 780 numen
656 728 716 779 sive
734 728 802 780 deus
820 727 865 780 ille
882 728 998 780 omnium
1014 744 1106 780 rerum
1120 726 1236 793 vindex,
1254 728 1307 796 qui

162 814 283 867 ordinem
299 814 326 865 in
344 829 435 865 rerum
454 821 554 864 natura
568 813 748 865 constitutum
768 818 863 865 tuetur
879 830 910 864 eo
929 813 1004 881 quod
1028 813 1164 881 superbos
1179 812 1307 863 homiues

90 960 93 965 Ι
161 899 300 970 altiusque
325 915 389 950 sese
414 897 515 950 efferre
543 905 675 950 conantes
699 915 716 950 a
740 896 879 950 felicitatis
905 912 985 966 quem
1015 897 1194 950 obtinuerunt
1212 896 1304 964 gradu

163 983 257 1035 delicit
281 990 365 1053 atque
392 982 544 1035 calamitate
567 981 687 1034 immissa
716 1000 764 1034 eos
789 981 878 1052 poeni
899 981 996 1034 meriti
1021 982 1116 1034 afficit.
1158 981 1306 1050 Quidquid

162 1069 231 1120 enim
249 1068 276 1120 in
297 1084 388 1120 rerum
408 1073 506 1119 natura
527 1067 636 1119 nimium
656 1075 699 1119 est
720 1076 804 1136 atque
817 1066 892 1118 iusto
907 1065 991 1118 altius
1005 1085 1068 1119 sese
1084 1066 1203 1133 extollit,
1220 1066 1247 1118 id
1261 1065 1307 1117 di-

160 1153 225 1205 vina
237 1152 283 1205 illa
299 1152 341 1203 vis
356 1153 479 1221 reprimit
499 1159 583 1221 utque
597 1152 671 1204 intra
689 1152 760 1204 fines
782 1169 850 1204 suos
865 1150 1048 1219 competunt).
1081 1151 1160 1202 Hanc
1179 1168 1245 1204 vero
1261 1151 1306 1202 di-

160 1238 217 1290 vini
235 1236 354 1289 numinis
372 1237 423 1289 vim
439 1237 467 1288 in
482 1253 534 1288 sua
550 1236 667 1288 historia
681 1238 853 1306 potissimum
875 1220 1088 1289 commonstrare
1112 1235 1199 1287 voluit
1211 1236 1306 1288 Hero-

160 1323 259 1389 dotus3
275 1322 310 1373 ad
325 1322 393 1373 banc
409 1321 497 1373 omnia
511 1322 570 1373 sere
586 1322 681 1388 refert,
697 1338 768 1390 quae
781 1321 846 1374 inde
858 1321 963 1375 demum
974 1338 1055 1375 suum
1065 1321 1153 1372 locum
1164 1320 1309 1389 accipiunt

159 1414 243 1477 atque
268 1407 397 1458 ordinem.
431 1406 508 1458 Haec
534 1424 584 1474 per
606 1413 693 1459 totum
716 1424 786 1477 opus
813 1407 893 1474 quasi
919 1413 1020 1474 regnat
1042 1405 1172 1475 primaria
1192 1404 1307 1458 divinae

159 1492 258 1544 mentis
286 1491 372 1559 notio,
401 1507 457 1561 qua
471 1491 551 1543 deum
577 1492 695 1543 omnium
721 1508 811 1545 rerum
836 1491 1034 1544 moderatorem
1063 1492 1227 1555 babeamus,
1254 1491 1307 1559 qui

160 1576 380 1646 aequabilitatem
401 1575 501 1628 naturi
515 1575 692 1628 constitutam
712 1583 806 1629 seruet
819 1576 953 1644 integram
970 1593 1083 1646 eamque
1100 1576 1225 1628 omnibus
1247 1592 1308 1628 mo-

160 1662 203 1714 dis
222 1668 333 1714 tueatur
348 1660 595 1713 incontaminatum.
626 1661 754 1713 Hominis
769 1662 890 1714 mortalis
905 1661 1036 1727 conditio,
1052 1662 1150 1714 sicum
1170 1660 1219 1711 illa
1233 1659 1308 1713 ‹tivi-

161 1765 212 1798 uae
226 1747 325 1799 mentis
345 1747 373 1797 vi
389 1764 422 1798 ac
434 1752 582 1815 potestate,
595 1747 640 1797 cui
651 1746 697 1798 ille
712 1765 743 1799 se
755 1746 835 1816 plane
850 1747 989 1800 subiicere
1008 1747 1103 1812 debet,
1116 1754 1307 1814 comparetur,

161 1831 266 1885 infirma
281 1839 364 1901 atque
379 1830 487 1895 debilis,
504 1831 621 1900 eiusque
636 1831 726 1883 virtus
742 1831 830 1883 omnis
845 1832 975 1884 consistit
988 1832 1016 1883 in
1035 1849 1068 1883 ea
1079 1831 1258 1899 temperentia
1273 1848 1308 1882 ac

159 1916 354 1982 moderatione,
372 1933 426 1986 qua
440 1915 535 1968 divino
557 1915 661 1968 numini
683 1916 744 1968 sive
766 1915 821 1984 legi
841 1915 952 1969 divinae
974 1922 1003 1969 et
1018 1916 1133 1969 omnium
1153 1916 1181 1968 in
1205 1923 1306 1968 natura

161 2019 253 2054 rerum
265 2001 361 2053 ordine
375 2001 441 2052 inde
453 2000 620 2065 constituto,
640 2019 671 2052 se
693 2001 822 2053 subiiciat
843 2019 894 2069 nec
915 2001 1063 2072 quidquam
1082 2008 1179 2053 contra
1202 2008 1306 2052 temere

161 2086 304 2157 suscipiat,
320 2085 426 2138 illamve
445 2085 531 2154 legem
544 2086 715 2153 egrediatur.
748 2086 802 2137 His
820 2094 1007 2139 consentanea
1022 2092 1097 2152 sunt,
1114 2102 1186 2156 quse
1203 2085 1239 2137 de
1254 2086 1306 2137 bu·

160 2188 299 2224 manarum
325 2187 415 2223 rerum
433 2176 507 2222 statu
531 2178 559 2222 et
575 2170 833 2238 vicissitudinibus,
860 2176 888 2223 et
916 2172 951 2225 de
977 2171 1051 2224 tristi
1076 2171 1167 2240 ipsius
1186 2170 1303 2222 bominis

160 2264 236 2309 sorte
253 2257 295 2308 hic
312 2255 368 2308 illic
386 2255 529 2307 enuntiata
544 2253 790 2324 reperiuntur**).

247 2342 315 2393 Cum
343 2340 429 2405 enim,
457 2357 528 2410 quae
553 2342 587 2392 ab
611 2341 662 2392 boo
686 2339 780 2392 divino
807 2341 917 2393 numine
943 2340 1027 2393 semel
1051 2339 1204 2393 constituta
1229 2345 1299 2402 sunt,

159 2427 258 2478 mutari
274 2444 305 2478 ac
322 2425 467 2478 retractari
485 2424 559 2477 nullo
579 2425 658 2478 modo
673 2425 797 2494 possint,
814 2430 929 2496 apparet
943 2424 1023 2478 simul
1041 2428 1100 2495 sati
1120 2424 1167 2477 illa
1183 2423 1303 2477 necessi-

161 2518 205 2563 tas
238 2528 298 2563 cum
324 2510 412 2562 divini
436 2509 554 2562 numinis
572 2511 684 2563 notione
698 2516 774 2563 arcte
788 2512 949 2577 coniuncta,
977 2527 1152 2580 quemnemo
1175 2524 1306 2578 unquam,

162 2612 251 2665 neque
265 2594 389 2649 mortalis
404 2611 494 2665 neque
509 2595 578 2648 deus
590 2596 652 2664 ipse
667 2595 772 2648 evitare
788 2602 837 2647 aut
847 2604 951 2649 mutare
967 2591 1139 2664 possit***).
1162 2594 1222 2645 Hac
1238 2610 1308 2645 vero

159 2680 205 2732 dei
221 2681 339 2733 omnium
354 2696 445 2731 rerum
465 2679 645 2732 moderatoris
667 2681 808 2749 latumque
833 2680 1031 2734 constituentis
1056 2680 1168 2732 notione
1188 2677 1308 2730 alteram

161 2781 272 2834 quoque
288 2768 392 2819 divinae
409 2764 523 2818 iustitiae
543 2772 626 2835 atque
641 2766 823 2836 prouidentiae
839 2765 978 2818 notionem
996 2764 1131 2817 contineri
1146 2770 1246 2832 sponte
1260 2762 1308 2814 in-

160 2849 312 2917 telligltur3
328 2850 362 2901 de
379 2849 428 2900 bac
449 2866 508 2901 cum
530 2851 599 2902 satis
616 2851 716 2903 dietum
736 2850 774 2902 sit
787 2851 822 2902 ad
838 2850 889 2915 111,
913 2852 972 2903 198.
988 2848 1023 2900 T.
1041 2849 1079 2901 11.
1097 2868 1122 2918 p.
1141 2851 1204 2909 198,
1230 2864 1309 2900 nuuc

160 2933 241 3002 plura
252 2934 343 2987 dicere
359 2950 412 2985 non
428 2933 543 3000 attinet3
564 2936 691 2989 iustitiam
712 2937 828 2989 diuinam
853 2934 881 2986 in
906 2934 982 2986 iustu
1002 2933 1050 2985 illa
1071 2950 1162 2986 rerum
1185 2931 1307 2985 omniura

161 3018 357 3071 distributione
372 3017 509 3071 servanda
524 3022 759 3089 proportioneque
773 3019 907 3072 divinitus
925 3019 953 3071 iu
970 3036 1060 3072 rerum
1076 3017 1176 3071 naturd
1198 3017 1307 3070 consti·

165 3159 368 3169 *-

228 3230 253 3298 *)
272 3233 295 3282 V
297 3234 333 3284 id.
347 3234 518 3300 potissimum
529 3234 596 3296 Vll,
613 3233 651 3286 10.
665 3236 688 3297 ξ.
701 3235 730 3284 5:
754 3225 824 3298 ὁρᾶς
840 3228 875 3284 τὰ
893 3223 1071 3352 ὑνιεοξὲοντα
1083 3232 1140 3296 ζῶα
1151 3224 1190 3292 ὥς
1201 3248 1307 3313 nequq-

162 3303 213 3353 νοῐ
221 3292 236 3351 ὁ
250 3293 334 3363 θεὸς,
352 3292 421 3352 aiot
439 3293 472 3366 ἔᾷ
489 3297 702 3367 φαντάζεσθαι,
723 3298 757 3352 τὰ
777 3287 809 3352 dl
826 3317 930 3368 ομιιιρα
944 3318 978 3352 ov

163 3364 196 3420 dl
213 3360 251 3427 uic
270 3361 298 3428 ἔς
315 3364 458 3435 οἰκήματα
474 3364 510 3419 τὰ
519 3364 645 3447 μέγιστα
662 3364 722 3420 αἰεὶ
739 3367 789 3420 nal
807 3364 931 3432 δένδρεα
944 3362 979 3419 roi
992 3386 1112 3420 τοιαντα
1124 3361 1307 3435 drumanes

161 3434 196 3486 roi
210 3432 311 3503 βέλεα;
331 3431 422 3504 φιλέει
438 3430 494 3520 yolo
513 3451 528 3486 ο
542 3437 612 3495 deoc
624 3430 659 3487 roi
672 3431 850 3516 ὑπερέχοντα
862 3434 958 3514 πάντα
970 3434 1116 3488 κολούειν·
1129 3464 1165 3474 -
1181 3428 1221 3488 οὖ
1238 3430 1307 3502 peip

162 3497 201 3571 ἐᾷ
219 3500 388 3569 φρονέειν
405 3521 492 3571 μενοι
511 3496 526 3554 ὁ
544 3499 628 3563 θεὸς
644 3495 750 3555 ἄλλον
767 3523 785 3572 η
804 3497 947 3567 laureo,
965 3505 1081 3557 ubivid.
1094 3511 1162 3555 nott.
1175 3505 1238 3555 Vol.
1251 3506 1307 3556 111.

162 3589 188 3638 p.
202 3573 267 3635 459,
287 3574 418 3623 Creuzer:
437 3573 540 3623 Histor.
555 3574 645 3622 Kunst
657 3573 682 3622 d.
697 3573 744 3623 Gr.
758 3591 784 3639 p.
801 3572 848 3622 119
860 3589 917 3637 seq.
937 3574 973 3639 (p.
992 3573 1037 3622 117
1058 3574 1099 3623 ed.
1114 3570 1182 3627 secl
1223 3573 1306 3650 Coqi.

163 3640 247 3689 etiam
259 3642 310 3701 111,
325 3640 382 3690 108.
397 3641 443 3697 IV,
459 3638 515 3690 196.
529 3641 602 3703 Vlll,
617 3640 647 3691 13
660 3633 799 3703 (ἐποιέετό
812 3639 913 3691 τεπᾶν
925 3632 981 3690 ὑπὸ
993 3640 1044 3691 toti
1056 3640 1144 3703 θεοῦ,
1160 3633 1248 3700 ὅπως
1261 3658 1281 3691 α
1290 3658 1308 3691 ν

163 3699 353 3773 ἐξισωθείη
371 3707 415 3758 roi
429 3700 616 3774 Ἑλληνικῷ
633 3701 860 3771 νὸΠεροιιιὸν
875 3702 1210 3774 μηόἓπολλῷπλέον
1223 3707 1305 3774 εἴη),

163 3775 233 3837 alin,
252 3790 322 3839 quae
339 3764 501 3843 paulopost
518 3779 683 3827 excitantur.
714 3776 836 3826 Similem
850 3776 986 3841 quendam
998 3778 1166 3826 sententium
1179 3778 1305 3842 profiteri

163 3844 310 3940 Dionppium
322 3844 588 3904 ΗοΙὶοοννιοοοενοεοι,
604 3844 688 3906 alios,
701 3845 819 3894 vidimus
832 3845 861 3893 in
872 3849 939 3894 nott.
954 3844 988 3894 ad
1000 3844 1022 3901 1.
1037 3842 1079 3896 32.
1092 3844 1152 3895 vol.
1167 3846 1188 3895 1.
1202 3862 1231 3910 p.
1244 3846 1287 3894 71.

282 3911 341 3960 Vid.
355 3913 431 3961 verbi
445 3926 531 3963 causa
542 3913 563 3969 Ι,
576 3912 617 3963 32.
627 3910 670 3961 86.
682 3910 740 3961 207.
756 3913 807 3969 111,
817 3910 858 3962 13.
873 3912 934 3972 VII,
948 3910 998 3962 203
1011 3912 1077 3977 ibiq.
1094 3918 1164 3962 nott.
1175 3913 1240 3962 Vol.
1250 3914 1304 3963 111.

163 3995 189 4044 p.
202 3977 260 4027 755.
274 3978 306 4038 V,
320 3979 336 4027 4
349 3980 440 4044 ibique
453 3984 522 4030 nott.
534 3980 596 4030 Vol.
609 3981 661 4030 III.
675 3997 700 4045 p.
715 3981 730 4029 7
743 3996 801 4044 seq.
814 3979 880 4039 VII,
893 3978 935 4028 46.
954 3979 1013 4030 Vol.
1026 3981 1077 4031 111.
1090 3997 1116 4045 p.
1129 3981 1190 4030 524.
1223 3981 1304 4031 Cons.

163 4048 249 4096 etium
260 4045 321 4096 Alb.
336 4046 369 4096 de
382 4048 429 4096 Ion
451 4047 477 4096 h.
490 4048 532 4096 De
545 4048 644 4112 philos.
657 4049 788 4098 Herodot.
802 4064 828 4113 p.
842 4046 875 4096 58
888 4063 945 4112 seq.

229 4110 284 4177 m)
303 4114 363 4165 Vid.
377 4115 399 4177 I,
412 4063 449 4164 ul
462 4115 555 4179 ibique
573 4120 641 4166 nott.
654 4115 716 4165 Vol.
729 4117 750 4167 1.
765 4133 791 4181 p.
807 4114 864 4165 198.
877 4114 930 4175 111,
944 4112 977 4164 43
995 4116 1087 4180 ibique
1100 4120 1169 4165 nott.
1188 4116 1250 4167 vol.
1266 4117 1303 4167 ll.

162 4199 190 4248 p.
202 4181 244 4233 99.
256 4182 288 4243 V,
303 4180 344 4233 33.
356 4181 397 4233 91,
410 4184 434 4243 ἕ.
447 4182 470 4232 4.
483 4182 543 4243 Vll,
561 4182 590 4231 l8
603 4184 668 4248 ibiq.
682 4190 752 4233 nott.
765 4185 797 4233 Τ.
811 4183 861 4233 ΙΙΙ.
875 4200 900 4247 p.
913 4180 971 4231 476.
985 4184 1033 4245 lx,
1049 4182 1088 4233 tlt.
1117 4183 1193 4233 Hinc
1211 4200 1247 4233 ue
1266 4185 1304 4233 iis

163 4251 271 4315 quidem
283 4250 442 4314 sacrificiis,
460 4250 557 4313 quibus
574 4251 648 4300 malo
665 4252 796 4303 divinitus
813 4251 984 4300 imminentia
1000 4256 1127 4300 avertere
1144 4251 1229 4317 uulgo
1247 4256 1303 4301 stu-

163 4319 229 4367 dent
241 4317 383 4379 mortales,
402 4318 487 4368 nllam
502 4319 557 4369 vim
575 4319 658 4369 tribui
675 4319 798 4370 videmus
816 4324 910 4370 contre
926 4316 996 4369 hoec
1015 4318 1067 4369 iuti
1079 4320 1138 4369 siue
1151 4319 1241 4371 divini
1254 4334 1302 4368 uu·

164 4387 245 4436 minis
258 4386 379 4437 decreta.
408 4386 469 4437 Vid.
483 4386 545 4451 Vll,
559 4386 617 4437 191.
631 4385 688 4438 189.

1000 3295 1032 3351 έν
1042 3318 1093 3380 μιν
1109 3300 1215 3363 κνίζεις
1231 3317 1307 3380 ppos
