2900 5122
388 368 649 430 usnemun.
667 339 731 429 ux.
753 377 886 433 ro-sr.
1145 376 1207 437 335

148 546 339 627 Παυσανίης
359 540 396 609 δὲ
413 538 568 630 κήρυγμα
585 537 805 630 ποιησάμενος
823 543 952 630 μηδένα
968 537 1132 610 ἅπτεσθαι
1149 547 1254 631 seipsi)

83 647 180 728 ληίης,
214 649 422 730 συγκομίζειν
446 645 578 712 ἐκέλευε
599 639 676 723 τούς
702 647 837 723 εἵλωτας
859 639 900 711 τά
921 640 1077 732 χρήματα.
1114 648 1149 712 ol
1170 645 1207 714 δὲ

83 736 137 809 clod
157 740 192 811 τό
213 741 438 831 στρατόπεδον
461 741 674 832 σκιδνάμενοι
699 740 855 833 εὕρισκον
878 741 1001 833 σκηνάς
1029 765 1207 816 κατεσκευ-

83 848 210 931 ασμένας
227 847 343 937 χρυσῷ
359 847 413 913 καὶ
430 839 583 938 άργύρω,
610 852 725 926 κλίνας
747 873 783 914 τε
807 843 1005 936 ἐπιχρύσους
1028 848 1083 914 καὶ
1108 848 1206 934 ἐπαρ-

82 941 208 1033 γύρους,
233 943 397 1036 κρητῆράς
421 974 456 1015 τε
472 948 639 1039 ,χρυσέους
658 949 714 1015 καὶ
732 944 853 1035 φιάλας
870 974 906 1016 τε
923 950 979 1016 καὶ
998 943 1081 1015 ἄλλα
1100 946 1205 1017 ἐκπω-

81 1065 167 1132 ματα·
200 1045 345 1128 σάκκους
372 1074 407 1117 τε
439 1043 491 1117 ἐπ’
515 1042 666 1137 ἁμαξέων
691 1044 863 1137 εὕρισκον,
895 1052 931 1118 έν
959 1064 1043 1119 τοῖσι
1071 1050 1206 1137 λέβητες

82 1147 244 1234 ἐφαίνοντο
263 1147 411 1229 ἐνεόντες
428 1147 569 1239 χρύσεοί
582 1177 618 1218 τε
635 1152 690 1219 καὶ
708 1146 881 1239 άργόρεοι·
917 1146 982 1219 άπό
1003 1177 1039 1218 τε
1056 1153 1124 1220 ταῖν
1141 1180 1206 1221 κει-

80 1249 176 1334 μένων
200 1253 331 1339 νεκρῶν
355 1248 536 1321 ἐσκύλευον
559 1249 656 1334 ψέλιά
678 1279 714 1320 τε
739 1253 793 1321 καὶ
816 1249 1013 1341 στρεπτούς,
1049 1254 1105 1322 καλ
1128 1250 1206 1334 τούς

80 1344 233 1439 όκινάκας,
254 1349 368 1432 ἐόντας
381 1355 554 1442 χρυσέους,
574 1355 645 1422 ἐπεὶ
659 1351 798 1440 ἐσθῆτός
816 1380 855 1441 γε
872 1361 1021 1441 ποικίλης
1033 1350 1129 1441 λόγος
1141 1358 1205 1442 έγί-

81 1477 143 1520 stro
162 1448 243 1522 οὐδὲ
267 1448 322 1533 εἷς.
360 1449 526 1524 Ἐνθαύτα
547 1451 653 1524 πολλά
669 1454 731 1544 μὲν
748 1458 942 1536 κλέπτοντες
960 1453 1107 1525 ἐπώλεον
1124 1454 1206 1543 πρός
1251 1480 1257 1489 ·

79 1549 143 1633 τούς
160 1552 341 1642 Αἰγινήτας
358 1560 393 1624 οί
409 1561 557 1643 εἵλωτες,
582 1552 742 1626 πολλὰδὲ
765 1558 821 1626 καὶ
845 1551 1107 1645 ἀπεδείκνυσαν,
1143 1554 1206 1628 ὅσα

79 1648 176 1724 νότιόν
196 1651 262 1725 σύκ
290 1651 345 1726 οἷά
373 1685 410 1726 τε
439 1647 483 1745 ἦν
511 1654 650 1747 κρύψαι·
687 1654 771 1727 ὥστε
795 1654 991 1747 Αίγινήτησι
1015 1662 1050 1727 ολ
1066 1657 1205 1747 ’μεγάλοι

78 1759 197 1826 πλοῦτοι
214 1753 323 1845 άρχὴν
347 1760 510 1829 ἐνθεῦτεν
533 1761 701 1848 ἐγένοντο,
726 1766 761 1829 οἳ
781 1755 839 1828 τόν
863 1756 1003 1848 χρυσόν,
1026 1755 1084 1828 ἅτε
1109 1758 1206 1830 ἐόντα

77 1855 183 1943 χαλκόν
202 1862 331 1948 δῆθεν,
359 1857 448 1950 παρά
465 1864 532 1929 των
551 1862 713 1930 είλωτέων
731 1856 882 1931 ὠνέοντο.
917 1858 1248 1950 Συμφορήσαντες81

78 2023 232 2074 antecedens
241 2019 323 2089 μήτε,
331 2026 364 2074 ολ
373 2028 609 2090 ελτοολοτλ,ηιιιισι
661 2041 694 2075 eo
712 2026 818 2076 reseres
835 2025 914 2087 licet,
940 2026 1011 2091 quod
1028 1997 1141 2076 Persae·
1154 2026 1204 2076 illu

77 2089 162 2148 sdvl,
175 2091 187 2140 l
201 2092 369 2143 notavimus.
399 2095 441 2143 De
460 2094 608 2159 participio
661 2098 755 2143 aetate
772 2097 837 2145 vino
854 2093 996 2143 admodum
1009 2094 1095 2143 dediti
1109 2095 1204 2144 dicun·

77 2155 171 2209 sdieeto
181 2160 236 2210 vid.
251 2160 350 2211 blattb.
365 2160 409 2212 Gr.
421 2160 468 2211 Gr.
477 2162 502 2223 §-
512 2161 570 2223 551,
585 2163 606 2211 l.
659 2165 703 2210 tur
719 2163 747 2221 1,
768 2161 829 2224 133,
853 2163 902 2212 ubi
918 2162 974 2211 vid.
998 2166 1066 2211 nott.
1097 2154 1204 2226 φιάλας

658 2224 864 2345 γριέἑρέᾶῌσαι
877 2229 994 2345 Crassus
1007 2228 1024 2344 l
1038 2229 1057 2277 l.
1079 2229 1204 2344 {lelphos

657 2311 1203 2429 mamisum:tissime

660 2432 688 2480 in
707 2447 775 2496 quas
792 2433 896 2492 vinum,
922 2431 992 2496 quod
1010 2432 1039 2480 in
1061 2432 1203 2481 crateribus

659 2498 724 2562 (vid.
742 2500 863 2565 suprad,
881 2498 911 2549 14
928 2500 1021 2564 ibique
1036 2504 1105 2549 nott.
1119 2499 1145 2557 1,
1158 2498 1203 2563 ol)

659 2567 772 2616 mixtum
794 2573 867 2628 erat,
892 2567 1089 2616 infundebatur
1110 2567 1203 2617 biben-

234 2329 302 2380 (λιν.
321 2330 431 2380 LXXX.

103 2418 216 2496 ίιέλενε]
236 2432 351 2482 Retinui
368 2432 430 2482 hoc.
461 2433 485 2482 Ε
503 2433 608 2484 duobus

77 2498 140 2547 oodd.
153 2499 337 2560 sebastem,
361 2515 440 2564 quem
457 2507 608 2565 sequuntur

76 2561 168 2627 lirun,
175 2567 298 2628 Beliker‚
307 2567 426 2617 Dindorl
433 2573 461 2616 et
469 2567 606 2633 Diotsob.,

76 2631 148 2682 edidit
164 2626 303 2685 έκέλενσε.
334 2637 370 2684 nt
388 2635 459 2685 bene
478 2636 607 2701 imperie-

76 2704 136 2750 etuu
147 2708 174 2751 et
185 2703 210 2752 b.
223 2704 243 2753 1.
258 2707 287 2752 et
298 2702 354 2759 111,
367 2700 401 2750 28
413 2707 504 2752 tuetur
515 2704 607 2754 b‘inte·

76 2766 111 2815 uis
125 2770 200 2834 epist.
213 2771 252 2820 ad
265 2770 297 2819 G.
311 2770 462 2820 Hermann.
475 2768 528 2831 (ed.
542 2771 606 2821 Plu·

76 2837 149 2886 tarsb.
162 2836 309 2897 Themist.)
321 2853 386 2903 pag.
399 2838 446 2887 LI.
469 2838 510 2887 Ad
523 2840 609 2890 verbs

77 2914 139 2967 seqq.
155 2903 256 2964 κλίνας
273 2920 304 2956 τε
327 2895 497 2970 ἐπιχρύσους
519 2907 608 2957 Wes-

76 2974 121 3019 rel.
135 2971 201 3023 base
220 2973 384 3036 adscripsit:
404 2989 477 3035 „non
496 2974 608 3025 fuerunt

76 3024 206 3101 όλόχρνσοι
219 3038 272 3091 καλ
284 3031 452 3105 ὁλάργυροι,
471 3041 565 3105 quales
578 3045 607 3092 in

77 3102 135 3155 Pbil.
147 3108 202 3158 lud
217 3110 262 3159 De
275 3108 366 3158 Somn.
378 3124 405 3173 p.
423 3108 543 3171 mou„
557 3111 606 3160 sed

78 3172 172 3224 laureti
193 3183 222 3226 et
246 3178 411 3239 impensuri.
449 3178 493 3226 Ex
517 3177 605 3228 solido

78 3252 131 3289 auro
141 3249 168 3292 et
176 3252 293 3309 argento
304 3244 525 3294 memorabuntur
535 3261 557 3295 e.
565 3244 607 3296 80.

78 3304 207 3361 letalibus
220 3318 251 3363 et
264 3311 332 3360 alibi
343 3316 485 3376 peccetur.
511 3313 572 3362 Vid.
584 3314 605 3375 l,

77 3370 127 3422 502¹
147 3377 206 3438 Quo
218 3379 282 3428 loeo
296 3378 413 3429 Croesus
425 3379 547 3444 Delphos
560 3380 605 3430 de·

77 3439 168 3495 dicasse
191 3447 295 3497 dieitur
318 3444 419 3505 κλίνας
440 3461 469 3497 τε
492 3439 606 3513 ἐπιχρύ-

77 3519 131 3568 ms
146 3510 193 3564 ast
211 3506 401 3579 έπαργόρσυς.
438 3516 605 3567 Graecorum

77 3574 157 3630 κλίναι
183 3598 206 3634 s.
232 3582 301 3633 lecti
330 3581 488 3649 plerumque
518 3583 605 3649 lignei

78 3654 143 3695 erant
158 3665 190 3699 ao
203 3649 285 3700 valde
304 3650 445 3716 simplices
458 3666 509 3701 neo
523 3651 607 3701 artifi·
637 3696 642 3703 .

78 3711 164 3765 sionim
176 3716 328 3778 elaborati;
342 3719 387 3783 qui
399 3720 423 3768 si
436 3720 538 3784 insigni
548 3726 607 3770 arte

79 3786 117 3829 tut
136 3798 149 3831 e
165 3786 283 3835 materia
300 3787 457 3851 pretiosiori
475 3788 606 3848 conlecti,

79 3854 116 3895 πί
126 3851 240 3914 pedibus
254 3854 363 3911 aeneis,
382 3855 534 3918 argenteis,
552 3855 607 3905 ele·

78 3912 203 3989 plentiuis
213 3922 343 3971 instructi
353 3927 605 3985 commemorantur,

78 3980 100 4059 td
118 3984 236 4038 luxuriae
259 3988 390 4040 insolitae
414 3991 498 4039 tribui
520 3990 605 4041 solet:

77 4049 121 4100 ud.
132 4053 250 4106 Becker:
268 4056 394 4106 Cbarikl.
408 4057 459 4107 Ill.
479 4075 505 4123 p.
518 4058 559 4108 64.
572 4057 605 4107 do

78 4115 112 4165 “l-
132 4135 184 4172 see.
209 4124 303 4189 ibique
327 4124 358 4174 Ο.
383 4126 428 4175 Fr.
453 4125 603 4176 Hermann.

78 4182 139 4243 Quos
149 4197 293 4254 praeterea
306 4192 408 4242 Graeci
424 4193 546 4243 victores
558 4193 604 4243 de-

77 4254 263 4312 prehenderunt
273 4253 418 4325 ιιρατήράς
428 4275 458 4310 τε
468 4254 604 4326 χρυσέους

77 4316 118 4370 tul
129 4319 231 4388 φιάλας
246 4343 276 4379 τε
293 4323 342 4379 καλ
354 4320 427 4379 ἄλλα
440 4320 603 4394 ἐκπώματα,

658 2633 736 2684 dum:
754 2640 784 2684 tu
797 2634 868 2684 coni.
881 2635 931 2695 III,
948 2633 1004 2685 130.
1019 2634 1070 2694 IV,
1087 2633 1126 2683 10.
1140 2634 1201 2696 vn,

658 2701 705 2764 54,
725 2717 793 2766 quas
809 2702 917 2767 phialas
935 2717 1022 2766 seque
1039 2706 1122 2765 atque
1139 2717 1201 2751 cse-

658 2774 719 2819 tera
731 2770 832 2834 poculo
848 2774 877 2819 ot
893 2770 954 2835 ipsa
971 2769 1131 2835 pretiosiore
1144 2785 1201 2818 ma·

660 2837 731 2887 teria
747 2838 877 2888 confeetu
894 2843 942 2887 aut
956 2835 1132 2887 artificiosius
1145 2836 1202 2886 eln-

659 2905 758 2955 borata
772 2906 855 2955 luisse
875 2905 1008 2956 credibile
1022 2910 1071 2954 est.
1086 2932 1116 2940 -
1135 2899 1202 2954 σάκ-

658 2987 739 3033 κους,
755 2973 896 3038 duplicsta
908 2973 990 3022 litero
1002 2974 1029 3032 ei,
1044 2988 1137 3023 omnes
1147 2973 1202 3023 He·

658 3040 746 3090 rodoti
765 3040 827 3091 libri
845 3046 921 3092 reete
938 3041 963 3090 b.
979 3040 997 3091 l.
1011 3039 1142 3102 efferunt3
1162 3039 1201 3089 ul-

657 3111 718 3157 tera
730 3109 865 3173 scriptura
879 3123 939 3159 eum
951 3123 1007 3158 uns
1018 3109 1035 3159 i
1046 3109 1081 3157 ad
1093 3109 1202 3158 Atticos

656 3176 749 3240 potius
772 3177 905 3241 pertinet,
930 3182 1058 3226 monente
1083 3176 1201 3225 Bredov.

658 3242 932 3373 palbsblbvovwdlsel
942 3325 971 3361 τε
981 3306 1030 3361 καὶ
1036 3303 1199 3375 στρεπτούς]

659 3378 677 3427 i.
696 3395 719 3429 e.
738 3379 904 3431 cadaueribus
920 3381 1011 3429 stratis
1028 3380 1201 3428 detruserunt

657 3451 769 3497 amrillns
785 3453 813 3495 et
830 3453 944 3512 torques.
974 3446 1065 3495 Verbo
1082 3440 1197 3495 σκυλεύ-

657 3528 701 3564 ειν
713 3515 809 3565 Noster
822 3516 877 3563 ium
890 3529 954 3564 usus
967 3520 1008 3563 est
1020 3515 1081 3579 pari
1094 3515 1164 3563 inre
1177 3514 1198 3573 1,

656 3580 690 3631 82
708 3574 911 3644 (σκυλεύσας
928 3576 995 3639 τούς
1010 3571 1137 3645 Ἀργείων
1157 3594 1200 3631 νε-

660 3644 765 3714 κρούς),
780 3650 884 3714 aliique
895 3649 1076 3699 adhibuerunt
1085 3649 1119 3698 do
1132 3665 1201 3699 mor-

661 3720 723 3779 tuis,
737 3719 781 3785 qul
794 3717 948 3782 spolientur
959 3718 1054 3780 armis,
1068 3717 1199 3776 vestibus,

659 3787 841 3836 ornamentis:
859 3785 939 3850 plura
954 3786 1009 3835 vid.
1026 3786 1054 3834 in
1067 3786 1200 3835 Thesaur.

658 3854 740 3919 Ling.
759 3854 857 3903 Graec.
876 3854 935 3903 Vll.
955 3870 981 3918 p.
998 3852 1049 3902 458
1072 3853 1114 3903 ed.
1132 3853 1200 3902 Din—

658 3922 727 3972 dorl.
739 3949 769 3957 -
782 3922 835 3972 Pro
848 3914 934 3983 ηιέλια
946 3922 1034 3971 minus
1046 3925 1122 3971 reete
1135 3920 1200 3969 olim

658 3984 784 4053 ψέλλια.
814 3990 857 4038 Tu
873 3989 927 4039 vid.
946 3995 1014 4039 nott.
1034 3989 1068 4038 ad
1086 3988 1139 4045 ΙΙΙ,
1157 3987 1198 4037 20.

657 4058 701 4117 1v‚
712 4056 759 4107 168
769 4062 798 4107 et
806 4057 927 4107 Sintenis
937 4058 972 4106 ad
982 4055 1200 4107 Plutarchum-

657 4125 773 4176 mistoel.
783 4124 823 4175 18.
830 4141 857 4201 p.
867 4124 922 4176 lli.
934 4151 967 4161 -
983 4118 1048 4183 τούς
1058 4117 1199 4181 αἰιινσῖκας

655 4209 703 4258 pro
725 4192 800 4258 vulg.
818 4188 976 4251 ακινάκεας
997 4193 1121 4258 reposui3
1144 4191 1198 4241 vid.

655 4267 721 4312 nott.
736 4261 770 4311 ad
784 4262 835 4322 111,
851 4260 906 4311 128.

688 4318 738 4380 ἅτε
756 4319 841 4379 έόντα
858 4321 965 4395 χαλκόν
978 4325 1082 4394 δῆθεν]
1101 4325 1201 4389 „Queri
