2952 5156
253 394 294 458 78
690 388 955 451 ΗΕΒΟΒΟΤΙ

253 566 386 635 θέσθαι.
426 561 551 650 ταύτην
574 551 622 634 οἶν
645 559 706 652 τὴν
730 565 844 649 ἐλαίην
867 558 934 651 ἅμα
961 560 1010 654 τῷ
1034 556 1123 653 ἄλλῳ
1148 562 1210 653 ἱρῷ
1232 560 1380 647 κατέλαβε

254 668 487 759 ἐμπρησθῆναι
504 660 570 735 ὑπὸ
593 668 661 734 τῶν
684 662 879 755 βαρβαρων·
905 664 1043 753 δευτέρῃ
1070 662 1107 732 dl
1124 655 1228 753 ἡμέρῃ
1250 657 1312 731 ἀπὸ
1327 663 1379 748 τῆς

255 765 448 861 ἐμπρήσιος,
466 763 654 855 Ἀθηναίων
671 770 706 836 ol
720 764 823 836 θύειν
840 761 907 836 ὑπὸ
925 766 1076 852 βασιλέος
1094 761 1318 853 κελευόμενοι,
1341 756 1380 843 ὡς

253 967 333 1018 modo
350 957 428 1032 παρὰ
450 955 608 1032 Ἀθηναίων
630 964 682 1029 (sic
700 980 714 1015 e
732 964 796 1015 Flo·
848 970 879 1014 ut
891 964 1025 1031 simplicis
1038 964 1153 1030 genitIvi
1166 961 1356 1029 periphrasinf
1370 988 1380 998 -

198 1076 206 1102 r
253 1037 362 1086 rentino
380 1035 513 1099 exhibuit)
537 1035 571 1084 ad
587 1026 732 1100 μαρτύρια
750 1048 796 1083 ne·
849 1048 912 1082 cere
929 1033 1069 1094 videatur,
1089 1047 1174 1098 quere
1193 1034 1275 1081 etiam
1289 1029 1379 1091 abieci,

254 1118 306 1168 que
319 1103 355 1154 ad
367 1098 449 1168 λόγος
460 1103 612 1165 referatur,
630 1103 681 1151 hoc
699 1115 795 1151 sensu:
849 1100 921 1165 quod
942 1100 1007 1151 olim
1023 1101 1051 1149 in
1070 1105 1189 1150 mentem
1205 1103 1328 1159 venerat,
1350 1097 1380 1146 eb

253 1187 317 1237 quoe
334 1173 405 1221 αιἰαιι
421 1188 438 1221 ο
454 1171 573 1235 Neptuno
590 1177 616 1219 et
632 1169 798 1219 ullineroo—
848 1169 989 1220 Herodoto
998 1169 1129 1234 scriptum
1139 1168 1224 1218 fuisse
1234 1161 1313 1232 λόγος
1322 1162 1382 1214 τῶν

253 1239 394 1289 testibus
410 1238 796 1289 advocatiedtkentenri-
846 1227 1013 1301 Ἀθηναίων.
1057 1238 1099 1287 Ac
1121 1234 1285 1288 vocabulum
1308 1225 1382 1297 lupos

253 1307 321 1369 bos,
335 1308 425 1371 posita
435 1307 471 1357 tot
481 1321 550 1365 esee,
570 1310 632 1368 aut,
645 1310 675 1354 ul
687 1305 716 1355 in
728 1307 795 1354 Lex.
849 1304 974 1355 absolute
986 1305 1013 1354 h.
1025 1304 1043 1354 1.
1056 1304 1182 1369 ponitur,
1195 1307 1225 1353 ut
1235 1303 1284 1364 III,
1297 1301 1312 1350 5
1324 1298 1380 1350 coll.

252 1374 386 1425 Herodot.
400 1375 436 1424 11.
449 1391 475 1440 p.
486 1374 535 1424 175
547 1373 637 1439 ponit:
655 1373 798 1423 tertatuooia
849 1373 915 1435 VII,
933 1371 980 1435 95,
1004 1372 1104 1423 omisso
1126 1372 1211 1423 verbo
1229 1362 1298 1432 ἕστ1,
1320 1367 1382 1433 quod

252 1443 278 1491 iu
300 1445 405 1493 medium
430 1443 555 1507 proferne
579 1442 611 1492 ob
638 1442 796 1492 Atheuleuei·
849 1442 936 1506 ipsum
949 1440 1070 1490 additum
1079 1441 1235 1490 invenimus
1244 1440 1277 1501 II,
1288 1437 1325 1486 75.
1337 1436 1381 1493 ΙΙΙ,

253 1510 298 1559 bru
317 1510 368 1560 eibi
383 1511 504 1561 conhibito.
536 1501 678 1575 μαρτύρια
696 1514 796 1569 autem,
850 1509 908 1561 115.
923 1507 984 1571 VII,
1000 1507 1056 1558 1²9.
1072 1506 1128 1570 198,
1140 1508 1191 1557 uhi
1202 1505 1330 1557 nonnulla
1341 1503 1382 1553 ed·

254 1578 290 1627 ad
312 1593 383 1643 quae
405 1579 492 1629 verba
509 1571 579 1640 παρ’
602 1568 760 1642 Ἀθηναίων
783 1591 797 1625 e
849 1578 1005 1627 notavimus
1023 1577 1057 1626 de
1074 1576 1103 1627 ri
1116 1592 1150 1626 ac
1161 1580 1298 1640 potestate
1311 1572 1382 1621 huius

253 1645 510 1712 Schweighaeuseri
526 1646 666 1696 sententia
678 1645 798 1694 releren-
848 1645 1005 1696 locutionis.
1025 1636 1169 1710 μαρτύρια
1180 1636 1288 1693 θέσθαι
1297 1641 1382 1690 dicuu-

253 1713 289 1764 da
312 1720 388 1776 sunt,
416 1715 511 1766 eodem
535 1714 798 1779 Schweighaeusero
849 1718 906 1777 tur,
925 1714 971 1778 qui
983 1711 1143 1763 testimonis
1162 1711 1291 1775 (alicuine
1302 1709 1340 1758 rei
1352 1706 1383 1756 ab

254 1789 365 1832 auctore
383 1784 423 1846 (in
440 1783 534 1832 Lexie.
549 1782 651 1832 Herod.
669 1781 706 1831 11.
723 1797 750 1846 p.
764 1778 798 1829 89
849 1781 918 1847 ipsis
930 1786 1062 1846 peractae
1076 1784 1125 1829 aut
1137 1780 1174 1829 ad
1183 1794 1213 1830 se
1226 1781 1298 1844 ipsos
1309 1775 1384 1842 perti·

252 1850 331 1915 seq.),
347 1866 421 1914 „non
430 1856 493 1901 sunt
502 1850 668 1911 testimonia,
679 1849 750 1913 quod
759 1848 799 1897 dii
848 1850 951 1912 nentis)
963 1854 1093 1913 tauquam
1105 1848 1223 1914 pignora
1233 1847 1279 1910 (cl.
1290 1842 1382 1895 Herod

252 1918 294 1967 illi
304 1919 338 1968 de
348 1919 461 1985 regione
472 1920 671 1979 decertassent,
686 1923 734 1966 aut
743 1931 798 1965 mo·
848 1918 896 1977 VI,
906 1915 948 1967 88.
962 1918 987 1978 §-
1000 1916 1034 1980 l.)
1047 1931 1114 1966 suae
1126 1914 1280 1967 voluntatis
1292 1916 1337 1962 sut
1346 1909 1384 1959 sui

252 1993 385 2037 numenta
397 1986 473 2036 illius
485 1986 556 2047 litis;
580 1985 629 2035 sed
641 1989 704 2034 suut
716 1984 796 2033 docu·
849 1985 935 2034 animi
952 1985 1093 2051 deponunt
1116 1984 1295 2045 exhibeutve3
1317 1976 1383 2030 conl.

252 2060 347 2103 menta
359 2056 418 2104 siue
432 2058 607 2118 argumenta,
623 2067 693 2117 quse
705 2052 734 2100 in
746 2051 797 2101 ille
849 2068 919 2117 quae
931 2053 1036 2102 similia
1049 2051 1201 2102 afferuntur
1213 2053 1244 2101 in
1253 2050 1383 2100 Thesauro

252 2121 312 2171 litis
329 2126 532 2171 contestatione
556 2122 591 2169 ah
608 2128 722 2185 utroque
745 2120 796 2169 deo
847 2121 901 2170 Lin
923 2121 1043 2171 ‚Graec
1057 2121 1118 2170 VII.
1132 2137 1158 2186 p.
1173 2118 1242 2169 2164
1253 2117 1313 2169 coll.
1325 2112 1384 2164 2175

252 2186 362 2254 prolata
391 2194 420 2239 et
448 2190 477 2238 in
506 2189 623 2239 medium
656 2187 797 2253 proposita
849 2189 891 2239 ed.
904 2137 1032 2238 Iliadorf.
1048 2181 1133 2253 χάριν
1146 2183 1258 2239 θέσθαι
1273 2182 1383 2251 reperie-

253 2260 326 2319 sunt,
340 2257 439 2321 quibus
452 2271 565 2307 causam
577 2271 655 2321 suam
668 2255 797 2305 defende·
849 2271 908 2307 mus
925 2256 999 2306 inira
1011 2257 1063 2319 IX,
1077 2256 1118 2307 60,
1134 2255 1192 2306 107.
1227 2257 1321 2319 Itaque
1333 2250 1384 2301 He·

253 2330 309 2385 ret,
332 2325 441 2374 scilicet
456 2324 556 2390 quibus
572 2324 704 2390 probaret
716 2323 751 2372 ad
766 2338 797 2372 se
848 2324 939 2375 rodoti
950 2326 1105 2386 sententia,
1125 2326 1148 2374 si
1166 2327 1231 2390 ipsa
1245 2321 1329 2375 verba
1343 2333 1384 2368 ac·

252 2394 391 2457 pertinere
409 2397 500 2443 terrae
513 2392 623 2443 Atticae
641 2391 796 2452 dominium,
849 2397 945 2443 curate
968 2394 1119 2459 sequimur,
1150 2393 1229 2442 nulla
1253 2391 1308 2442 alia
1330 2399 1384 2438 esee

253 2461 382 2526 quoniam
396 2465 443 2510 eut
455 2462 529 2527 prior
540 2460 616 2510 illam
633 2463 798 2525 occupasset
848 2466 953 2526 potest,
971 2461 1038 2511 uisi:
1058 2461 1160 2510 lamam
1176 2460 1241 2511 ferri
1254 2460 1288 2509 sb
1303 2452 1384 2522 (ipsit)
1460 2480 1461 2513 ;

252 2533 301 2578 aut
313 2545 369 2578 rena
382 2528 520 2594 utiliorem
529 2528 744 2579 Atheniensibus
757 2541 798 2577 es·
848 2529 1063 2579 Atheniensibus
1091 2529 1260 2595 prolectam,
1290 2526 1384 2590 Neptu·

252 2602 295 2647 set
311 2597 436 2663 largitus.
472 2596 549 2647 Dicit
566 2602 657 2647 autem
674 2595 796 2646 Herodo-
848 2611 911 2646 num
925 2602 954 2646 et
964 2598 1127 2661 Minervam,
1142 2611 1205 2647 cum
1218 2597 1251 2646 de
1265 2590 1384 2645 terraAt-

251 2671 295 2715 tus
309 2666 425 2729 (verbis,
443 2670 523 2731 puto,
540 2665 644 2716 veteris
657 2663 797 2714 cniusdam
848 2665 907 2714 tice
928 2665 1130 2729 decertassent,
1155 2664 1230 2715 haec
1249 2663 1344 2726 (oleam
1360 2660 1385 2708 el

251 2736 350 2799 politae
367 2733 443 2798 usus)
463 2724 535 2797 παρ’
551 2726 710 2798 Ἀθηναίων
726 2747 797 2797 μορ·
849 2748 948 2798 squam
966 2732 1081 2797 selsam)
1103 2733 1267 2799 deposuisse
1284 2732 1311 2780 in
1326 2740 1384 2778 arce

250 2795 336 2864 ον’ριο
357 2797 481 2865 θέσθαι,
508 2801 579 2883 quod
600 2806 693 2851 essent
715 2800 797 2850 docu-
849 2802 953 2866 (ibique
976 2802 1005 2850 in
1026 2816 1077 2851 sua
1094 2803 1217 2867 ipsorum
1235 2799 1311 2863 aede)
1330 2802 1384 2845 tau·

251 2875 358 2933 menta,
378 2884 490 2935 quorum
507 2870 575 2919 hdes
593 2875 676 2934 atque
692 2869 798 2919 veritas
848 2883 930 2934 quarn
958 2870 1119 2920 testimonia
1147 2869 1207 2921 litis
1236 2868 1298 2919 olim
1321 2866 1385 2915 iuter

252 2937 527 2999 cantuariensibus,
547 2952 660 3002 quorum
673 2938 797 2987 testimo·
847 2939 923 3004 ipsos
941 2941 1054 2988 exortae
1072 2941 1155 3003 atque
1175 2936 1340 3003 compositas
1353 2931 1384 2980 si·

251 3006 300 3054 ula
311 3003 354 3053 illi
366 3006 549 3068 inuocabant,
567 3005 723 3055 confirmari
734 3018 796 3070 pos·
846 3006 956 3072 mulque
990 3006 1107 3072 pignora
1140 3005 1292 3057 uoluntatis
1324 3012 1384 3065 ergo

251 3071 342 3123 sent.“
378 3073 456 3134 Quae
475 3073 583 3138 quidem
601 3073 796 3139 interpretatio
846 3074 1029 3125 Athenienses
1046 3079 1209 3140 perpetuae.
1222 3100 1258 3109 —
1273 3072 1304 3122 In
1316 3082 1384 3132 seqq·

251 3140 318 3189 mihi
331 3140 366 3189 ah
379 3142 447 3207 ipsis
459 3141 593 3192 Herodoti
606 3142 711 3200 verbis,
730 3154 796 3205 qua·
846 3142 933 3193 verba
955 3130 1016 3208 ἅμα
1036 3139 1076 3207 τῷ
1097 3132 1175 3208 ἄλλοι
1196 3136 1250 3207 spol
1270 3139 1386 3190 iudicant

250 3208 289 3258 lia
312 3223 384 3261 nuno
406 3209 548 3276 leguntur,
575 3208 669 3259 aliena
688 3209 797 3259 videtur
846 3214 933 3261 totam
958 3211 1055 3261 aedem
1084 3211 1205 3276 indeque
1235 3209 1318 3260 etiem
1338 3203 1384 3253 Mi·

250 3277 402 3343 meritoque
425 3293 486 3328 eam
507 3277 669 3344 perstrinxit
684 3278 796 3341 Hoeger
847 3294 950 3329 nervae
968 3279 1064 3329 aedem
1077 3279 1237 3330 Erechtheo
1255 3277 1384 3328 adiectam

249 3345 280 3394 iu
291 3344 455 3412 seraphin.
466 3346 591 3397 Monacc.
602 3346 651 3395 III.
662 3361 727 3412 pag.
736 3345 795 3403 522,
848 3351 1051 3398 concrematam
1064 3362 1134 3398 esse.
1151 3347 1195 3397 Ad
1205 3346 1315 3398 verbum
1326 3353 1384 3391 κοτ-

251 3413 298 3479 qui
328 3421 403 3464 recte
434 3414 578 3480 coniungit
608 3408 689 3479 λόγος
715 3406 795 3477 παρὰ
846 3410 1017 3478 έλαβεοοολ.
1031 3414 1297 3477 tollerandum,
1316 3405 1384 3462 aad

248 3474 421 3547 Ἀθηναίων,
442 3482 514 3546 farno
536 3497 641 3533 manuus
662 3483 694 3532 od
717 3481 795 3531 Atte-
846 3482 1013 3534 locutionem
1025 3473 1083 3534 dno
1095 3481 1146 3550 τῆς
1157 3474 1312 3550 ἐμπρήσιος
1322 3480 1384 3528 noll·

249 3550 384 3603 aiensibus.
408 3550 466 3601 Nec
480 3550 562 3601 aliter
573 3550 672 3601 Matth.
686 3550 733 3600 Gr.
747 3549 793 3600 Gr.
848 3552 882 3601 ad
891 3552 966 3613 VIII,
977 3550 1018 3602 51.
1037 3551 1131 3603 Utitur
1140 3552 1193 3602 hoc
1206 3551 1269 3603 loco
1279 3550 1310 3599 R.
1320 3544 1384 3596 Todl

249 3620 272 3679 8.
285 3616 349 3678 588,
363 3620 563 3684 interpretans:
582 3623 638 3669 elue
649 3634 698 3668 oon
710 3617 795 3668 Athen
846 3618 992 3686 (Philolog.
1002 3620 1061 3672 XV.
1071 3619 1177 3687 peon),
1191 3635 1245 3687 quo
1258 3626 1384 3669 common·

249 3687 502 3806 astutule
534 3684 796 3819 hltllrld
845 3688 1228 3807 lt¹tht¹l‘r.l¹.ff.tt⁰¹²t¹³
1244 3678 1384 3804 I³³¹¹ll⁰¹³tl

249 3815 324 3884 llos,
337 3771 397 3884 IX,
419 3770 485 3872 Iyrol
498 3771 574 3901 ξιέρζ
587 3771 748 3901 Ἀθηιῗοίιρν
766 3826 794 3872 et
844 3772 974 3888 μιξτρός
998 3794 1119 3890 δευτέρα
1139 3772 1301 3886 chh’ssgero
1322 3832 1385 3886 μον

248 3905 332 3956 supra
344 3891 396 3942 VII
403 3929 409 3953 ,
426 3890 474 3942 173
486 3904 656 3956 οιιινομενοι
666 3916 702 3929 -—
713 3905 794 3955 ογγε·
844 3893 930 3944 redon.

249 3959 293 4009 λοι
310 3948 391 4022 παρ’
412 3951 604 4023 Ἀλεξάνδρον.
632 3959 740 4009 Similia
752 3960 793 4008 in·
876 3949 1035 4027 Ἀθηναίων
1046 3953 1077 4011 ol
1088 3954 1186 4026 θύειν]
1199 3962 1245 4012 Ita
1255 3975 1270 4011 e
1279 3958 1384 4009 Floren-

248 4027 345 4078 venias
358 4027 570 4094 inXeuophont.
581 4026 652 4092 Cyro
673 4027 734 4077 aed.
744 4027 792 4091 IV,
843 4028 925 4093 tinia,
949 4027 1013 4079 aliis
1030 4030 1095 4079 dedi
1112 4044 1173 4079 cum
1192 4028 1255 4081 edd.
1273 4028 1384 4078 recentt.

248 4043 792 4160 u‚t3.11,4‚21.111,1,1.1I1‚2,30.
844 4096 934 4163 Vulgo
960 4087 1108 4161 Ἀθηναῖοι
1137 4090 1167 4147 ol
1189 4090 1291 4158 θύειν,
1319 4089 1384 4159 quod

248 4161 536 4227 v‚3,170011.V‚5
571 4162 602 4214 13
619 4162 794 4228 (obilegitur
844 4164 1012 4215 Scheelerus
1035 4171 1063 4215 et
1082 4165 1181 4215 Matth.
1206 4167 1312 4216 tenent.
1346 4158 1383 4209 Si·

173 4253 176 4257 ·
247 4222 531 4296 wandelmarus
558 4223 629 4297 ἐμοῦ
640 4224 790 4299 α’δίαημο),
843 4232 916 4283 milis
940 4234 1059 4298 genitiiti
1081 4236 1223 4285 structura
1246 4232 1312 4293 VII,
1331 4225 1382 4277 170·

249 4298 366 4364 aliisque
378 4298 456 4363 Iocis,
470 4300 500 4349 in
512 4300 610 4366 quibus
622 4300 792 4366 praepositio
843 4300 885 4350 hd
901 4301 988 4352 verba
1005 4292 1034 4360 ἐς
1050 4294 1082 4352 τὸ
1101 4294 1165 4366 ἱρὸν
1183 4301 1260 4353 conl.
1273 4302 1339 4350 nott
1352 4292 1383 4344 td

247 4363 326 4433 παρὰ
339 4372 472 4434 sequente
485 4369 607 4434 genitivo
619 4369 660 4419 sic
672 4369 790 4435 psaltas,
843 4369 921 4431 VIII,
941 4368 983 4421 51.
