<?xml version="1.0" encoding="UTF-8"?>
<!DOCTYPE html PUBLIC "-//W3C//DTD XHTML 1.0 Transitional//EN"
    "http://www.w3.org/TR/xhtml1/DTD/xhtml1-transitional.dtd">
<html xmlns="http://www.w3.org/1999/xhtml" xml:lang="en" lang="en">
 <head>
  <title>
</title>
<meta http-equiv="Content-Type" content="text/html;charset=utf-8" />
  <meta name='ocr-system' content='tesseract 3.04.00' />
  <meta name='ocr-capabilities' content='ocr_page ocr_carea ocr_par ocr_line ocrx_word'/>
</head>
<body>
  <div class='ocr_page' id='page_1' title='image "./herodotihalicar04bhgoog/herodotihalicar04bhgoog_0126.png"; bbox 0 0 2952 5156; ppageno 0'>
   <div class='ocr_carea' id='block_1_1' title="bbox 430 428 1236 503">
    <p class='ocr_par' dir='ltr' id='par_1_1' title="bbox 430 428 1236 503">
     <span class='ocr_line' id='line_1_1' title="bbox 430 428 1236 503; baseline 0.015 -12"><span class='ocrx_word' id='word_1_1' title='bbox 430 430 632 491; x_wconf 84' lang='lat' dir='ltr'><strong>URANIA.</strong></span> <span class='ocrx_word' id='word_1_2' title='bbox 658 428 747 492; x_wconf 86' lang='lat' dir='ltr'><strong>VIII.</strong></span> <span class='ocrx_word' id='word_1_3' title='bbox 770 440 901 497; x_wconf 71' lang='lat'><strong>74—76.</strong></span> <span class='ocrx_word' id='word_1_4' title='bbox 1176 443 1236 503; x_wconf 23' lang='lat'><strong>1¹13</strong></span> 
     </span>
    </p>
   </div>
   <div class='ocr_carea' id='block_1_2' title="bbox 113 597 1237 799">
    <p class='ocr_par' dir='ltr' id='par_1_2' title="bbox 113 597 1237 799">
     <span class='ocr_line' id='line_1_2' title="bbox 115 597 1236 697; baseline 0.008 -28"><span class='ocrx_word' id='word_1_5' title='bbox 115 604 463 689; x_wconf 61' lang='lat' dir='ltr'><strong>ornamentumque,</strong></span> <span class='ocrx_word' id='word_1_6' title='bbox 488 597 533 683; x_wconf 73' lang='grc' dir='ltr'><strong><em>ὣς</em></strong></span> <span class='ocrx_word' id='word_1_7' title='bbox 551 604 746 674; x_wconf 77' lang='grc' dir='ltr'><strong><em>ἐπεδέκοντο</em></strong></span> <span class='ocrx_word' id='word_1_8' title='bbox 763 611 799 674; x_wconf 83' lang='grc' dir='ltr'><strong>οἱ</strong></span> <span class='ocrx_word' id='word_1_9' title='bbox 814 608 971 687; x_wconf 79' lang='grc' dir='ltr'><em>Θεσπιέες</em></span> <span class='ocrx_word' id='word_1_10' title='bbox 989 607 1162 697; x_wconf 76' lang='grc' dir='ltr'><strong><em>πολιήτας,</em></strong></span> <span class='ocrx_word' id='word_1_11' title='bbox 1181 613 1236 679; x_wconf 75' lang='grc' dir='ltr'><strong>καὶ</strong></span> 
     </span>
     <span class='ocr_line' id='line_1_3' title="bbox 113 697 1237 799; baseline 0.006 -28"><span class='ocrx_word' id='word_1_12' title='bbox 113 699 242 790; x_wconf 88' lang='grc' dir='ltr'><strong><em>χρήμασι</em></strong></span> <span class='ocrx_word' id='word_1_13' title='bbox 264 699 387 789; x_wconf 77' lang='grc' dir='ltr'><strong><em>ὄλβιον.</em></strong></span> <span class='ocrx_word' id='word_1_14' title='bbox 428 697 464 783; x_wconf 84' lang='grc' dir='ltr'><strong><em>ὃς</em></strong></span> <span class='ocrx_word' id='word_1_15' title='bbox 485 700 561 772; x_wconf 89' lang='grc' dir='ltr'><strong><em>τότε</em></strong></span> <span class='ocrx_word' id='word_1_16' title='bbox 584 712 689 797; x_wconf 79' lang='grc' dir='ltr'><strong><em>πλοίῳ</em></strong></span> <span class='ocrx_word' id='word_1_17' title='bbox 713 700 910 795; x_wconf 72' lang='grc' dir='ltr'><strong><em>ἀπικόμενος</em></strong></span> <span class='ocrx_word' id='word_1_18' title='bbox 937 714 1028 796; x_wconf 78' lang='grc' dir='ltr'><strong><em>ἔλεγε</em></strong></span> <span class='ocrx_word' id='word_1_19' title='bbox 1054 706 1136 799; x_wconf 79' lang='grc' dir='ltr'><strong><em>πρὸς</em></strong></span> <span class='ocrx_word' id='word_1_20' title='bbox 1159 708 1237 791; x_wconf 85' lang='grc' dir='ltr'><strong><em>τούς</em></strong></span> 
     </span>
    </p>
   </div>
   <div class='ocr_carea' id='block_1_3' title="bbox 18 800 1282 2012">
    <p class='ocr_par' dir='ltr' id='par_1_3' title="bbox 110 800 1237 1001">
     <span class='ocr_line' id='line_1_4' title="bbox 112 800 1237 900; baseline 0.009 -30"><span class='ocrx_word' id='word_1_21' title='bbox 112 800 302 891; x_wconf 83' lang='grc' dir='ltr'><strong><em>στρατηγοδς</em></strong></span> <span class='ocrx_word' id='word_1_22' title='bbox 335 806 403 873; x_wconf 68' lang='grc' dir='ltr'><strong><em>τοῖν</em></strong></span> <span class='ocrx_word' id='word_1_23' title='bbox 437 802 617 895; x_wconf 78' lang='grc' dir='ltr'><strong><em>βαρβάρων</em></strong></span> <span class='ocrx_word' id='word_1_24' title='bbox 650 804 745 875; x_wconf 79' lang='grc' dir='ltr'><strong><em>τάδε·</em></strong></span> <span class='ocrx_word' id='word_1_25' title='bbox 771 805 923 897; x_wconf 79' lang='grc' dir='ltr'><strong><em>’Ἐπεμηιέ</em></strong></span> <span class='ocrx_word' id='word_1_26' title='bbox 946 836 987 898; x_wconf 90' lang='grc' dir='ltr'><strong><em>με</em></strong></span> <span class='ocrx_word' id='word_1_27' title='bbox 1016 807 1237 900; x_wconf 84' lang='grc' dir='ltr'><strong><em>στρατηχδςὸ</em></strong></span> 
     </span>
     <span class='ocr_line' id='line_1_5' title="bbox 110 898 1236 1001; baseline 0.007 -28"><span class='ocrx_word' id='word_1_28' title='bbox 110 898 284 991; x_wconf 67' lang='grc' dir='ltr'><strong><em>Ἀθηναίων</em></strong></span> <span class='ocrx_word' id='word_1_29' title='bbox 314 902 423 992; x_wconf 75' lang='grc' dir='ltr'><strong><em>λάθρη</em></strong></span> <span class='ocrx_word' id='word_1_30' title='bbox 446 907 514 974; x_wconf 72' lang='grc' dir='ltr'><strong><em>τοὶν</em></strong></span> <span class='ocrx_word' id='word_1_31' title='bbox 542 902 653 977; x_wconf 72' lang='grc' dir='ltr'><strong><em>ἄλλων</em></strong></span> <span class='ocrx_word' id='word_1_32' title='bbox 675 902 841 997; x_wconf 78' lang='grc' dir='ltr'><strong><em>Ἑλλήνων</em></strong></span> <span class='ocrx_word' id='word_1_33' title='bbox 873 909 1042 999; x_wconf 76' lang='grc' dir='ltr'><strong><em>(τυγχάνει</em></strong></span> <span class='ocrx_word' id='word_1_34' title='bbox 1066 908 1129 1001; x_wconf 77' lang='grc' dir='ltr'><strong><em>γὰρ</em></strong></span> <span class='ocrx_word' id='word_1_35' title='bbox 1156 940 1236 1001; x_wconf 77' lang='grc' dir='ltr'><strong><em>φρο</em></strong></span> 
     </span>
    </p>

    <p class='ocr_par' dir='ltr' id='par_1_4' title="bbox 18 1003 1236 1206">
     <span class='ocr_line' id='line_1_6' title="bbox 18 1003 1236 1103; baseline 0.009 -32"><span class='ocrx_word' id='word_1_36' title='bbox 18 1068 19 1085; x_wconf 58' lang='lat'><strong>,</strong></span> <span class='ocrx_word' id='word_1_37' title='bbox 111 1010 186 1074; x_wconf 77' lang='grc' dir='ltr'><strong><em>νέων</em></strong></span> <span class='ocrx_word' id='word_1_38' title='bbox 207 1003 247 1075; x_wconf 76' lang='grc' dir='ltr'><strong>τὰ</strong></span> <span class='ocrx_word' id='word_1_39' title='bbox 272 1008 424 1093; x_wconf 81' lang='grc' dir='ltr'><strong><em>βασιλέος</em></strong></span> <span class='ocrx_word' id='word_1_40' title='bbox 450 1007 505 1075; x_wconf 81' lang='grc' dir='ltr'><strong>καὶ</strong></span> <span class='ocrx_word' id='word_1_41' title='bbox 532 1006 734 1098; x_wconf 88' lang='grc' dir='ltr'><strong><em>βουλόμενος</em></strong></span> <span class='ocrx_word' id='word_1_42' title='bbox 760 1014 885 1100; x_wconf 76' lang='grc' dir='ltr'><strong><em>μᾶλλον</em></strong></span> <span class='ocrx_word' id='word_1_43' title='bbox 910 1009 950 1080; x_wconf 74' lang='grc' dir='ltr'><strong>τὰ</strong></span> <span class='ocrx_word' id='word_1_44' title='bbox 967 1006 1112 1103; x_wconf 76' lang='grc' dir='ltr'><strong><em>ὑμέτερα</em></strong></span> <span class='ocrx_word' id='word_1_45' title='bbox 1138 1012 1236 1083; x_wconf 77' lang='grc' dir='ltr'><strong><em>κατυ-</em></strong></span> 
     </span>
     <span class='ocr_line' id='line_1_7' title="bbox 110 1102 1236 1206; baseline 0.009 -31"><span class='ocrx_word' id='word_1_46' title='bbox 110 1118 203 1195; x_wconf 78' lang='grc' dir='ltr'><strong><em>περδε</em></strong></span> <span class='ocrx_word' id='word_1_47' title='bbox 218 1115 374 1196; x_wconf 71' lang='grc' dir='ltr'><strong><em>γίνεσθαι</em></strong></span> <span class='ocrx_word' id='word_1_48' title='bbox 391 1102 412 1194; x_wconf 78' lang='grc' dir='ltr'><em>ἢ</em></span> <span class='ocrx_word' id='word_1_49' title='bbox 430 1104 470 1177; x_wconf 73' lang='grc' dir='ltr'><strong>τὰ</strong></span> <span class='ocrx_word' id='word_1_50' title='bbox 492 1111 561 1178; x_wconf 74' lang='grc' dir='ltr'><strong>τῶν</strong></span> <span class='ocrx_word' id='word_1_51' title='bbox 574 1104 741 1198; x_wconf 82' lang='grc' dir='ltr'><strong><em>Ἑλλήνων</em></strong></span> <span class='ocrx_word' id='word_1_52' title='bbox 763 1111 952 1202; x_wconf 78' lang='grc' dir='ltr'><strong><em>πρήγματα)</em></strong></span> <span class='ocrx_word' id='word_1_53' title='bbox 971 1112 1160 1206; x_wconf 79' lang='grc' dir='ltr'><strong><em>φράσοντα,</em></strong></span> <span class='ocrx_word' id='word_1_54' title='bbox 1186 1111 1236 1185; x_wconf 83' lang='grc' dir='ltr'><strong>ὅτι</strong></span> 
     </span>
    </p>

    <p class='ocr_par' dir='ltr' id='par_1_5' title="bbox 18 1204 1237 1304">
     <span class='ocr_line' id='line_1_8' title="bbox 18 1204 1237 1304; baseline 0.012 -33"><span class='ocrx_word' id='word_1_55' title='bbox 18 1230 19 1271; x_wconf 87' lang='lat'>3</span> <span class='ocrx_word' id='word_1_56' title='bbox 109 1204 301 1295; x_wconf 72' lang='grc' dir='ltr'><strong><em>οἷ”Ελληνες</em></strong></span> <span class='ocrx_word' id='word_1_57' title='bbox 326 1205 475 1299; x_wconf 81' lang='grc' dir='ltr'><strong><em>δρησμδν</em></strong></span> <span class='ocrx_word' id='word_1_58' title='bbox 497 1209 716 1296; x_wconf 72' lang='grc' dir='ltr'><strong><em>βουλεύονται</em></strong></span> <span class='ocrx_word' id='word_1_59' title='bbox 739 1212 1039 1304; x_wconf 82' lang='grc' dir='ltr'><strong><em>καταρρωδηκότες.</em></strong></span> <span class='ocrx_word' id='word_1_60' title='bbox 1093 1218 1148 1285; x_wconf 78' lang='grc' dir='ltr'><strong>καὶ</strong></span> <span class='ocrx_word' id='word_1_61' title='bbox 1170 1218 1237 1287; x_wconf 76' lang='grc' dir='ltr'><strong>νῦν</strong></span> 
     </span>
    </p>

    <p class='ocr_par' dir='ltr' id='par_1_6' title="bbox 18 1305 1236 1407">
     <span class='ocr_line' id='line_1_9' title="bbox 18 1305 1236 1407; baseline 0.008 -31"><span class='ocrx_word' id='word_1_62' title='bbox 18 1352 20 1397; x_wconf 71' lang='lat'>3</span> <span class='ocrx_word' id='word_1_63' title='bbox 107 1312 230 1399; x_wconf 80' lang='grc' dir='ltr'><strong><em>παρέχει</em></strong></span> <span class='ocrx_word' id='word_1_64' title='bbox 247 1307 426 1380; x_wconf 75' lang='grc' dir='ltr'><strong><em>κάλλιστον</em></strong></span> <span class='ocrx_word' id='word_1_65' title='bbox 443 1305 547 1399; x_wconf 79' lang='grc' dir='ltr'><strong><em>ὑμέας</em></strong></span> <span class='ocrx_word' id='word_1_66' title='bbox 565 1319 663 1404; x_wconf 75' lang='grc' dir='ltr'><strong><em>ἔργον</em></strong></span> <span class='ocrx_word' id='word_1_67' title='bbox 680 1308 838 1384; x_wconf 76' lang='grc' dir='ltr'><strong><em>ἁπάντων</em></strong></span> <span class='ocrx_word' id='word_1_68' title='bbox 855 1314 1112 1407; x_wconf 76' lang='grc' dir='ltr'><strong><em>ἐξεργάσασθαι,</em></strong></span> <span class='ocrx_word' id='word_1_69' title='bbox 1131 1310 1175 1405; x_wconf 84' lang='grc' dir='ltr'><strong><em>ήν</em></strong></span> <span class='ocrx_word' id='word_1_70' title='bbox 1191 1314 1236 1406; x_wconf 85' lang='grc' dir='ltr'><strong>μή</strong></span> 
     </span>
    </p>

    <p class='ocr_par' dir='ltr' id='par_1_7' title="bbox 18 1409 1235 1508">
     <span class='ocr_line' id='line_1_10' title="bbox 18 1409 1235 1508; baseline 0.009 -31"><span class='ocrx_word' id='word_1_71' title='bbox 18 1416 20 1455; x_wconf 60' lang='lat' dir='ltr'><strong>l</strong></span> <span class='ocrx_word' id='word_1_72' title='bbox 106 1417 263 1499; x_wconf 84' lang='grc' dir='ltr'><strong><em>περιΐδητε</em></strong></span> <span class='ocrx_word' id='word_1_73' title='bbox 287 1409 489 1501; x_wconf 80' lang='grc' dir='ltr'><strong><em>διαδράντας</em></strong></span> <span class='ocrx_word' id='word_1_74' title='bbox 506 1409 636 1495; x_wconf 77' lang='grc' dir='ltr'><strong><em>αὐτούς.</em></strong></span> <span class='ocrx_word' id='word_1_75' title='bbox 672 1412 834 1506; x_wconf 77' lang='grc' dir='ltr'><strong><em>οὔτεγὰρ</em></strong></span> <span class='ocrx_word' id='word_1_76' title='bbox 861 1413 1030 1505; x_wconf 76' lang='grc' dir='ltr'><strong><em>ἀλλήλοισι</em></strong></span> <span class='ocrx_word' id='word_1_77' title='bbox 1053 1413 1235 1508; x_wconf 85' lang='grc' dir='ltr'><strong><em>ὁμοφρονέ-</em></strong></span> 
     </span>
    </p>

    <p class='ocr_par' dir='ltr' id='par_1_8' title="bbox 18 1508 1282 2012">
     <span class='ocr_line' id='line_1_11' title="bbox 18 1508 1236 1609; baseline 0.007 -29"><span class='ocrx_word' id='word_1_78' title='bbox 18 1542 19 1549; x_wconf 55' lang='grc'><strong>“</strong></span> <span class='ocrx_word' id='word_1_79' title='bbox 106 1532 186 1600; x_wconf 86' lang='grc' dir='ltr'><strong><em>ουσι,</em></strong></span> <span class='ocrx_word' id='word_1_80' title='bbox 212 1508 286 1582; x_wconf 80' lang='grc' dir='ltr'><strong><em>οὔτ’</em></strong></span> <span class='ocrx_word' id='word_1_81' title='bbox 307 1519 355 1582; x_wconf 79' lang='grc' dir='ltr'><strong>ἔτι</strong></span> <span class='ocrx_word' id='word_1_82' title='bbox 382 1509 633 1602; x_wconf 71' lang='grc' dir='ltr'><strong><em>ἀντιστήσονται</em></strong></span> <span class='ocrx_word' id='word_1_83' title='bbox 658 1511 756 1606; x_wconf 73' lang='grc' dir='ltr'><strong><em>ὑμῖν·</em></strong></span> <span class='ocrx_word' id='word_1_84' title='bbox 792 1514 875 1606; x_wconf 89' lang='grc' dir='ltr'><strong><em>πρδς</em></strong></span> <span class='ocrx_word' id='word_1_85' title='bbox 903 1517 1048 1600; x_wconf 77' lang='grc' dir='ltr'><strong><em>ἑωυτούς</em></strong></span> <span class='ocrx_word' id='word_1_86' title='bbox 1070 1547 1106 1589; x_wconf 86' lang='grc' dir='ltr'><strong>τε</strong></span> <span class='ocrx_word' id='word_1_87' title='bbox 1133 1522 1236 1609; x_wconf 79' lang='grc' dir='ltr'><strong><em>σφέας</em></strong></span> 
     </span>
     <span class='ocr_line' id='line_1_12' title="bbox 104 1609 1277 1711; baseline 0.008 -30"><span class='ocrx_word' id='word_1_88' title='bbox 104 1609 217 1694; x_wconf 67' lang='grc' dir='ltr'><strong><em>ὄψεσθε</em></strong></span> <span class='ocrx_word' id='word_1_89' title='bbox 243 1618 495 1705; x_wconf 69' lang='grc' dir='ltr'><strong><em>ναυμαχέοντας</em></strong></span> <span class='ocrx_word' id='word_1_90' title='bbox 517 1614 596 1698; x_wconf 80' lang='grc' dir='ltr'><strong><em>τοῦς</em></strong></span> <span class='ocrx_word' id='word_1_91' title='bbox 620 1614 661 1687; x_wconf 76' lang='lat' dir='ltr'><strong>roi</strong></span> <span class='ocrx_word' id='word_1_92' title='bbox 677 1613 822 1707; x_wconf 75' lang='grc' dir='ltr'><strong><em>ὑμέτερα</em></strong></span> <span class='ocrx_word' id='word_1_93' title='bbox 847 1622 1049 1711; x_wconf 81' lang='grc' dir='ltr'><strong><em>φρονέοντας</em></strong></span> <span class='ocrx_word' id='word_1_94' title='bbox 1076 1623 1132 1689; x_wconf 79' lang='grc' dir='ltr'><strong>καὶ</strong></span> <span class='ocrx_word' id='word_1_95' title='bbox 1158 1618 1236 1703; x_wconf 81' lang='grc' dir='ltr'><strong><em>τοδς</em></strong></span> <span class='ocrx_word' id='word_1_96' title='bbox 1272 1646 1277 1659; x_wconf 95' lang='grc'>·</span> 
     </span>
     <span class='ocr_line' id='line_1_13' title="bbox 103 1711 1282 1806; baseline 0.008 -22"><span class='ocrx_word' id='word_1_97' title='bbox 103 1713 149 1801; x_wconf 86' lang='grc' dir='ltr'><strong>μή.</strong></span> <span class='ocrx_word' id='word_1_98' title='bbox 178 1711 212 1785; x_wconf 91' lang='lat'><strong>‘0</strong></span> <span class='ocrx_word' id='word_1_99' title='bbox 227 1717 295 1805; x_wconf 73' lang='grc' dir='ltr'><strong><em>μὲν</em></strong></span> <span class='ocrx_word' id='word_1_100' title='bbox 311 1714 416 1785; x_wconf 76' lang='grc' dir='ltr'><strong><em>ταῦτα’</em></strong></span> <span class='ocrx_word' id='word_1_101' title='bbox 433 1738 493 1805; x_wconf 81' lang='grc' dir='ltr'><strong>σφι</strong></span> <span class='ocrx_word' id='word_1_102' title='bbox 510 1716 659 1806; x_wconf 78' lang='grc' dir='ltr'><strong><em>σημήνας</em></strong></span> <span class='ocrx_word' id='word_1_103' title='bbox 678 1716 830 1789; x_wconf 70' lang='grc' dir='ltr'><strong><em>ἐκποδών</em></strong></span> <span class='ocrx_word' id='word_1_104' title='bbox 852 1716 1089 1791; x_wconf 75' lang='grc' dir='ltr'><strong><em>ἀπαλλάσσετο.</em></strong></span> <span class='ocrx_word' id='word_1_105' title='bbox 1141 1731 1233 1791; x_wconf 73' lang='grc' dir='ltr'><strong><em>Τοῖσι</em></strong></span> <span class='ocrx_word' id='word_1_106' title='bbox 1242 1735 1261 1793; x_wconf 88' lang='grc'>7</span> <span class='ocrx_word' id='word_1_107' title='bbox 1263 1734 1282 1794; x_wconf 86' lang='grc'><strong>6</strong></span> 
     </span>
     <span class='ocr_line' id='line_1_14' title="bbox 104 1811 1237 1910; baseline 0.009 -28"><span class='ocrx_word' id='word_1_108' title='bbox 104 1814 136 1884; x_wconf 70' lang='grc' dir='ltr'><strong>δὲ</strong></span> <span class='ocrx_word' id='word_1_109' title='bbox 157 1811 199 1898; x_wconf 76' lang='grc' dir='ltr'><strong><em>ὦς</em></strong></span> <span class='ocrx_word' id='word_1_110' title='bbox 220 1814 325 1887; x_wconf 74' lang='grc' dir='ltr'><strong><em>πιστὰ</em></strong></span> <span class='ocrx_word' id='word_1_111' title='bbox 343 1821 469 1906; x_wconf 77' lang='grc' dir='ltr'><strong><em>ἐγίνετο</em></strong></span> <span class='ocrx_word' id='word_1_112' title='bbox 485 1816 526 1889; x_wconf 77' lang='grc' dir='ltr'><strong>τὰ</strong></span> <span class='ocrx_word' id='word_1_113' title='bbox 543 1814 766 1909; x_wconf 78' lang='grc' dir='ltr'><strong><em>ἆχγελδέντα,</em></strong></span> <span class='ocrx_word' id='word_1_114' title='bbox 790 1824 889 1891; x_wconf 78' lang='grc' dir='ltr'><strong><em>τουτο</em></strong></span> <span class='ocrx_word' id='word_1_115' title='bbox 906 1822 968 1910; x_wconf 75' lang='grc' dir='ltr'><strong><em>μὲν</em></strong></span> <span class='ocrx_word' id='word_1_116' title='bbox 986 1824 1019 1902; x_wconf 79' lang='grc' dir='ltr'><strong><em>ές</em></strong></span> <span class='ocrx_word' id='word_1_117' title='bbox 1036 1820 1098 1910; x_wconf 85' lang='grc' dir='ltr'><strong>τήν</strong></span> <span class='ocrx_word' id='word_1_118' title='bbox 1115 1829 1237 1910; x_wconf 86' lang='grc' dir='ltr'><strong><em>νησίδα</em></strong></span> 
     </span>
     <span class='ocr_line' id='line_1_15' title="bbox 102 1913 1235 2012; baseline 0.008 -28"><span class='ocrx_word' id='word_1_119' title='bbox 102 1913 154 2003; x_wconf 82' lang='grc' dir='ltr'><strong>τήν</strong></span> <span class='ocrx_word' id='word_1_120' title='bbox 172 1916 403 2008; x_wconf 80' lang='grc' dir='ltr'><strong><em>Ψυττάλειαν,</em></strong></span> <span class='ocrx_word' id='word_1_121' title='bbox 422 1918 545 2008; x_wconf 82' lang='grc' dir='ltr'><strong><em>μεταξδ</em></strong></span> <span class='ocrx_word' id='word_1_122' title='bbox 562 1920 753 2011; x_wconf 84' lang='grc' dir='ltr'><strong><em>Σαλαμῖνός</em></strong></span> <span class='ocrx_word' id='word_1_123' title='bbox 770 1949 806 1992; x_wconf 86' lang='grc' dir='ltr'><strong>τε</strong></span> <span class='ocrx_word' id='word_1_124' title='bbox 824 1926 979 2011; x_wconf 79' lang='grc' dir='ltr'><strong><em>κειμένην</em></strong></span> <span class='ocrx_word' id='word_1_125' title='bbox 996 1926 1051 1993; x_wconf 82' lang='grc' dir='ltr'><strong>καὶ</strong></span> <span class='ocrx_word' id='word_1_126' title='bbox 1069 1927 1127 2011; x_wconf 85' lang='grc' dir='ltr'><strong>τής</strong></span> <span class='ocrx_word' id='word_1_127' title='bbox 1144 1920 1235 2012; x_wconf 88' lang='grc' dir='ltr'><strong><em>ήπεί·</em></strong></span> 
     </span>
    </p>
   </div>
   <div class='ocr_carea' id='block_1_4' title="bbox 18 2146 1235 2757">
    <p class='ocr_par' dir='ltr' id='par_1_9' title="bbox 18 2146 1235 2757">
     <span class='ocr_line' id='line_1_16' title="bbox 102 2146 1235 2222; baseline 0.01 -25"><span class='ocrx_word' id='word_1_128' title='bbox 102 2163 183 2211; x_wconf 81' lang='lat' dir='ltr'><strong>censa,</strong></span> <span class='ocrx_word' id='word_1_129' title='bbox 197 2150 291 2201; x_wconf 89' lang='lat' dir='ltr'><strong>denno</strong></span> <span class='ocrx_word' id='word_1_130' title='bbox 301 2154 494 2213; x_wconf 75' lang='lat' dir='ltr'><strong>exstrueretur,</strong></span> <span class='ocrx_word' id='word_1_131' title='bbox 505 2152 639 2203; x_wconf 88' lang='lat' dir='ltr'><strong>eiusdem·</strong></span> <span class='ocrx_word' id='word_1_132' title='bbox 678 2156 763 2216; x_wconf 84' lang='lat' dir='ltr'><strong>tino,</strong></span> <span class='ocrx_word' id='word_1_133' title='bbox 790 2154 854 2204; x_wconf 82' lang='lat' dir='ltr'><strong>aliis</strong></span> <span class='ocrx_word' id='word_1_134' title='bbox 871 2155 935 2205; x_wconf 85' lang='lat' dir='ltr'><strong>dedi</strong></span> <span class='ocrx_word' id='word_1_135' title='bbox 953 2171 1001 2222; x_wconf 87' lang='lat' dir='ltr'><strong>pro</strong></span> <span class='ocrx_word' id='word_1_136' title='bbox 1019 2146 1144 2221; x_wconf 75' lang='grc' dir='ltr'><strong><em>ἐγένετο,</em></strong></span> <span class='ocrx_word' id='word_1_137' title='bbox 1164 2157 1235 2221; x_wconf 89' lang='lat' dir='ltr'><strong>quod</strong></span> 
     </span>
     <span class='ocr_line' id='line_1_17' title="bbox 102 2218 1235 2285; baseline 0.007 -20"><span class='ocrx_word' id='word_1_138' title='bbox 102 2230 144 2279; x_wconf 83' lang='lat' dir='ltr'><strong>quo</strong></span> <span class='ocrx_word' id='word_1_139' title='bbox 160 2218 284 2277; x_wconf 77' lang='lat' dir='ltr'><strong>incolae,</strong></span> <span class='ocrx_word' id='word_1_140' title='bbox 309 2218 356 2284; x_wconf 90' lang='lat' dir='ltr'><strong>qui</strong></span> <span class='ocrx_word' id='word_1_141' title='bbox 374 2219 404 2267; x_wconf 88' lang='lat' dir='ltr'><strong>in</strong></span> <span class='ocrx_word' id='word_1_142' title='bbox 421 2218 639 2285; x_wconf 81' lang='lat' dir='ltr'>Peloponnesum</span> <span class='ocrx_word' id='word_1_143' title='bbox 690 2222 1180 2273; x_wconf 82' lang='lat' dir='ltr'><strong>retinueruutSohaeferusetMatth.</strong></span> <span class='ocrx_word' id='word_1_144' title='bbox 1194 2224 1235 2273; x_wconf 77' lang='lat' dir='ltr'><strong>An</strong></span> 
     </span>
     <span class='ocr_line' id='line_1_18' title="bbox 18 2282 1235 2356; baseline 0.007 -25"><span class='ocrx_word' id='word_1_145' title='bbox 18 2296 19 2307; x_wconf 62' lang='lat'>¹</span> <span class='ocrx_word' id='word_1_146' title='bbox 100 2284 290 2350; x_wconf 77' lang='lat' dir='ltr'>confugerant,</span> <span class='ocrx_word' id='word_1_147' title='bbox 321 2286 484 2347; x_wconf 81' lang='lat' dir='ltr'><strong>rediissent,</strong></span> <span class='ocrx_word' id='word_1_148' title='bbox 514 2289 639 2352; x_wconf 84' lang='lat' dir='ltr'><strong>quamvis</strong></span> <span class='ocrx_word' id='word_1_149' title='bbox 690 2289 855 2339; x_wconf 84' lang='lat' dir='ltr'><strong>locutionem</strong></span> <span class='ocrx_word' id='word_1_150' title='bbox 873 2289 1052 2353; x_wconf 78' lang='lat' dir='ltr'><strong>ef.vln,80</strong></span> <span class='ocrx_word' id='word_1_151' title='bbox 1069 2290 1128 2344; x_wconf 79' lang='lat' dir='ltr'><strong>flu:</strong></span> <span class='ocrx_word' id='word_1_152' title='bbox 1152 2282 1235 2356; x_wconf 67' lang='grc' dir='ltr'><strong><em>ήνδὶ</em></strong></span> 
     </span>
     <span class='ocr_line' id='line_1_19' title="bbox 100 2347 1234 2423; baseline 0.008 -24"><span class='ocrx_word' id='word_1_153' title='bbox 100 2354 233 2414; x_wconf 76' lang='lat' dir='ltr'><strong>promotes</strong></span> <span class='ocrx_word' id='word_1_154' title='bbox 242 2369 370 2416; x_wconf 89' lang='lat' dir='ltr'><strong>numero,</strong></span> <span class='ocrx_word' id='word_1_155' title='bbox 383 2354 406 2403; x_wconf 86' lang='lat' dir='ltr'><strong>ei</strong></span> <span class='ocrx_word' id='word_1_156' title='bbox 417 2355 526 2420; x_wconf 87' lang='lat' dir='ltr'><strong>quidem</strong></span> <span class='ocrx_word' id='word_1_157' title='bbox 536 2355 639 2420; x_wconf 87' lang='lat' dir='ltr'><strong>septin-</strong></span> <span class='ocrx_word' id='word_1_158' title='bbox 691 2347 802 2407; x_wconf 70' lang='lat' dir='ltr'><strong>oriretur</strong></span> <span class='ocrx_word' id='word_1_159' title='bbox 819 2354 858 2422; x_wconf 85' lang='grc' dir='ltr'><strong>μή</strong></span> <span class='ocrx_word' id='word_1_160' title='bbox 875 2348 981 2406; x_wconf 77' lang='grc' dir='ltr'><strong><em>πιστοὶ</em></strong></span> <span class='ocrx_word' id='word_1_161' title='bbox 1004 2351 1129 2423; x_wconf 77' lang='grc' dir='ltr'><strong><em>γένηται.</em></strong></span> <span class='ocrx_word' id='word_1_162' title='bbox 1164 2357 1234 2408; x_wconf 79' lang='lat' dir='ltr'><strong>Add.</strong></span> 
     </span>
     <span class='ocr_line' id='line_1_20' title="bbox 18 2421 1027 2488; baseline 0.007 -20"><span class='ocrx_word' id='word_1_163' title='bbox 18 2464 20 2487; x_wconf 70' lang='lat'><em>÷</em></span> <span class='ocrx_word' id='word_1_164' title='bbox 100 2421 167 2482; x_wconf 70' lang='lat' dir='ltr'><strong>genti</strong></span> <span class='ocrx_word' id='word_1_165' title='bbox 177 2421 369 2487; x_wconf 81' lang='lat' dir='ltr'><strong>Thespienees</strong></span> <span class='ocrx_word' id='word_1_166' title='bbox 388 2421 422 2471; x_wconf 88' lang='lat' dir='ltr'><strong>ad</strong></span> <span class='ocrx_word' id='word_1_167' title='bbox 439 2422 638 2488; x_wconf 77' lang='lat' dir='ltr'><strong>Thermopylas</strong></span> <span class='ocrx_word' id='word_1_168' title='bbox 690 2425 766 2487; x_wconf 86' lang='lat' dir='ltr'><strong>VIII,</strong></span> <span class='ocrx_word' id='word_1_169' title='bbox 778 2424 812 2474; x_wconf 87' lang='lat'><strong>83</strong></span> <span class='ocrx_word' id='word_1_170' title='bbox 825 2429 854 2473; x_wconf 88' lang='lat' dir='ltr'><strong>et</strong></span> <span class='ocrx_word' id='word_1_171' title='bbox 866 2425 898 2485; x_wconf 87' lang='lat' dir='ltr'><strong>V,</strong></span> <span class='ocrx_word' id='word_1_172' title='bbox 910 2424 952 2473; x_wconf 75' lang='lat'><strong>92.</strong></span> <span class='ocrx_word' id='word_1_173' title='bbox 965 2426 989 2485; x_wconf 63' lang='grc' dir='ltr'><strong>ς.</strong></span> <span class='ocrx_word' id='word_1_174' title='bbox 1002 2424 1027 2475; x_wconf 83' lang='grc'><strong>7.</strong></span> 
     </span>
     <span class='ocr_line' id='line_1_21' title="bbox 101 2488 637 2555; baseline 0.011 -21"><span class='ocrx_word' id='word_1_175' title='bbox 101 2488 260 2551; x_wconf 81' lang='lat' dir='ltr'><strong>ecciderunt,</strong></span> <span class='ocrx_word' id='word_1_176' title='bbox 289 2493 319 2538; x_wconf 89' lang='lat' dir='ltr'><strong>et</strong></span> <span class='ocrx_word' id='word_1_177' title='bbox 340 2490 385 2553; x_wconf 91' lang='lat' dir='ltr'><strong>qui</strong></span> <span class='ocrx_word' id='word_1_178' title='bbox 406 2493 503 2555; x_wconf 87' lang='lat' dir='ltr'><strong>postea</strong></span> <span class='ocrx_word' id='word_1_179' title='bbox 522 2490 557 2539; x_wconf 86' lang='lat' dir='ltr'><strong>ad</strong></span> <span class='ocrx_word' id='word_1_180' title='bbox 574 2489 637 2540; x_wconf 88' lang='lat' dir='ltr'><strong>Pla·</strong></span> 
     </span>
     <span class='ocr_line' id='line_1_22' title="bbox 18 2550 1235 2624; baseline 0.005 -22"><span class='ocrx_word' id='word_1_181' title='bbox 18 2564 19 2573; x_wconf 60' lang='lat'><em>*</em></span> <span class='ocrx_word' id='word_1_182' title='bbox 100 2559 168 2604; x_wconf 82' lang='lat' dir='ltr'><strong>taeas</strong></span> <span class='ocrx_word' id='word_1_183' title='bbox 200 2556 369 2608; x_wconf 80' lang='lat' dir='ltr'><strong>convenisse</strong></span> <span class='ocrx_word' id='word_1_184' title='bbox 402 2556 531 2606; x_wconf 85' lang='lat' dir='ltr'><strong>dicuntur</strong></span> <span class='ocrx_word' id='word_1_185' title='bbox 562 2557 637 2608; x_wconf 86' lang='lat' dir='ltr'><strong>mille</strong></span> <span class='ocrx_word' id='word_1_186' title='bbox 725 2550 753 2617; x_wconf 80' lang='grc' dir='ltr'><strong><em>ές</em></strong></span> <span class='ocrx_word' id='word_1_187' title='bbox 774 2550 827 2624; x_wconf 82' lang='grc' dir='ltr'><strong>τήν</strong></span> <span class='ocrx_word' id='word_1_188' title='bbox 848 2556 953 2622; x_wconf 79' lang='grc' dir='ltr'><strong><em>νησίδα</em></strong></span> <span class='ocrx_word' id='word_1_189' title='bbox 971 2552 1024 2623; x_wconf 86' lang='grc' dir='ltr'><strong>τήν</strong></span> <span class='ocrx_word' id='word_1_190' title='bbox 1044 2552 1235 2622; x_wconf 74' lang='grc' dir='ltr'><strong><em>Ψυττάλειαν]</em></strong></span> 
     </span>
     <span class='ocr_line' id='line_1_23' title="bbox 100 2623 1235 2690; baseline 0.004 -19"><span class='ocrx_word' id='word_1_191' title='bbox 100 2624 240 2689; x_wconf 76' lang='lat' dir='ltr'><strong>octmgenti</strong></span> <span class='ocrx_word' id='word_1_192' title='bbox 273 2623 463 2688; x_wconf 78' lang='lat' dir='ltr'><strong>Thespienses</strong></span> <span class='ocrx_word' id='word_1_193' title='bbox 495 2623 562 2686; x_wconf 83' lang='lat' dir='ltr'><strong>(IX,</strong></span> <span class='ocrx_word' id='word_1_194' title='bbox 589 2624 638 2689; x_wconf 84' lang='lat'><strong>30)</strong></span> <span class='ocrx_word' id='word_1_195' title='bbox 689 2627 799 2690; x_wconf 79' lang='lat' dir='ltr'><strong>Exigua</strong></span> <span class='ocrx_word' id='word_1_196' title='bbox 822 2625 925 2687; x_wconf 88' lang='lat' dir='ltr'><strong>insula,</strong></span> <span class='ocrx_word' id='word_1_197' title='bbox 951 2626 986 2674; x_wconf 84' lang='lat' dir='ltr'><strong>ab</strong></span> <span class='ocrx_word' id='word_1_198' title='bbox 1010 2626 1071 2690; x_wconf 87' lang='lat' dir='ltr'><strong>ipsa</strong></span> <span class='ocrx_word' id='word_1_199' title='bbox 1095 2625 1235 2675; x_wconf 77' lang='lat' dir='ltr'><strong>Salamine</strong></span> 
     </span>
     <span class='ocr_line' id='line_1_24' title="bbox 99 2687 1234 2757; baseline 0.004 -21"><span class='ocrx_word' id='word_1_200' title='bbox 99 2687 161 2739; x_wconf 88' lang='lat' dir='ltr'><strong>hsnd</strong></span> <span class='ocrx_word' id='word_1_201' title='bbox 176 2691 236 2741; x_wconf 85' lang='lat' dir='ltr'><strong>scio</strong></span> <span class='ocrx_word' id='word_1_202' title='bbox 256 2706 297 2741; x_wconf 86' lang='lat' dir='ltr'><strong>an</strong></span> <span class='ocrx_word' id='word_1_203' title='bbox 313 2706 419 2741; x_wconf 89' lang='lat' dir='ltr'><strong>omnem</strong></span> <span class='ocrx_word' id='word_1_204' title='bbox 431 2691 570 2741; x_wconf 87' lang='lat' dir='ltr'><strong>hominum</strong></span> <span class='ocrx_word' id='word_1_205' title='bbox 583 2697 638 2742; x_wconf 91' lang='lat' dir='ltr'><strong>tur-</strong></span> <span class='ocrx_word' id='word_1_206' title='bbox 690 2694 797 2742; x_wconf 81' lang='lat' dir='ltr'><strong>dictans</strong></span> <span class='ocrx_word' id='word_1_207' title='bbox 810 2697 919 2742; x_wconf 88' lang='lat' dir='ltr'><strong>centum</strong></span> <span class='ocrx_word' id='word_1_208' title='bbox 938 2693 1056 2757; x_wconf 88' lang='lat' dir='ltr'><strong>quinque</strong></span> <span class='ocrx_word' id='word_1_209' title='bbox 1069 2694 1182 2755; x_wconf 74' lang='lat' dir='ltr'><strong>stadiis,</strong></span> <span class='ocrx_word' id='word_1_210' title='bbox 1201 2693 1234 2743; x_wconf 89' lang='lat' dir='ltr'><strong>ob</strong></span> 
     </span>
    </p>
   </div>
   <div class='ocr_carea' id='block_1_5' title="bbox 100 2754 638 2825">
    <p class='ocr_par' dir='ltr' id='par_1_10' title="bbox 100 2754 638 2825">
     <span class='ocr_line' id='line_1_25' title="bbox 100 2754 638 2825; baseline 0.011 -21"><span class='ocrx_word' id='word_1_211' title='bbox 100 2754 152 2806; x_wconf 85' lang='lat' dir='ltr'><strong>ham</strong></span> <span class='ocrx_word' id='word_1_212' title='bbox 168 2759 350 2825; x_wconf 74' lang='lat' dir='ltr'><strong>superstitem</strong></span> <span class='ocrx_word' id='word_1_213' title='bbox 368 2759 638 2825; x_wconf 81' lang='lat' dir='ltr'><strong>comprehenderint:</strong></span> 
     </span>
    </p>
   </div>
   <div class='ocr_carea' id='block_1_6' title="bbox 18 2824 638 2892">
    <p class='ocr_par' dir='ltr' id='par_1_11' title="bbox 18 2824 638 2892">
     <span class='ocr_line' id='line_1_26' title="bbox 18 2824 638 2892; baseline 0.008 -20"><span class='ocrx_word' id='word_1_214' title='bbox 18 2826 19 2829; x_wconf 77' lang='grc'>’</span> <span class='ocrx_word' id='word_1_215' title='bbox 100 2824 160 2875; x_wconf 86' lang='lat' dir='ltr'><strong>sdeo</strong></span> <span class='ocrx_word' id='word_1_216' title='bbox 175 2831 205 2876; x_wconf 90' lang='lat' dir='ltr'><strong>ut</strong></span> <span class='ocrx_word' id='word_1_217' title='bbox 221 2827 258 2877; x_wconf 89' lang='lat' dir='ltr'><strong>ob</strong></span> <span class='ocrx_word' id='word_1_218' title='bbox 278 2826 382 2875; x_wconf 85' lang='lat' dir='ltr'><strong>civium</strong></span> <span class='ocrx_word' id='word_1_219' title='bbox 403 2828 573 2892; x_wconf 73' lang='lat' dir='ltr'><strong>paucitatem</strong></span> <span class='ocrx_word' id='word_1_220' title='bbox 591 2843 638 2877; x_wconf 89' lang='lat' dir='ltr'><strong>no·</strong></span> 
     </span>
    </p>
   </div>
   <div class='ocr_carea' id='block_1_7' title="bbox 18 2893 638 3162">
    <p class='ocr_par' dir='ltr' id='par_1_12' title="bbox 18 2893 638 3162">
     <span class='ocr_line' id='line_1_27' title="bbox 100 2893 638 2959; baseline 0.011 -20"><span class='ocrx_word' id='word_1_221' title='bbox 100 2905 139 2941; x_wconf 83' lang='lat' dir='ltr'><strong>res</strong></span> <span class='ocrx_word' id='word_1_222' title='bbox 160 2895 236 2945; x_wconf 87' lang='lat' dir='ltr'><strong>cives</strong></span> <span class='ocrx_word' id='word_1_223' title='bbox 261 2894 322 2944; x_wconf 77' lang='lat' dir='ltr'><strong>tu‘m</strong></span> <span class='ocrx_word' id='word_1_224' title='bbox 347 2893 389 2943; x_wconf 87' lang='lat' dir='ltr'><strong>illi</strong></span> <span class='ocrx_word' id='word_1_225' title='bbox 413 2894 565 2945; x_wconf 76' lang='lat' dir='ltr'><strong>adscivisse</strong></span> <span class='ocrx_word' id='word_1_226' title='bbox 590 2910 638 2959; x_wconf 91' lang='lat' dir='ltr'><strong>pu-</strong></span> 
     </span>
     <span class='ocr_line' id='line_1_28' title="bbox 18 2960 637 3027; baseline 0.005 -19"><span class='ocrx_word' id='word_1_227' title='bbox 18 3008 19 3021; x_wconf 63' lang='lat'><strong>,</strong></span> <span class='ocrx_word' id='word_1_228' title='bbox 99 2960 165 3009; x_wconf 75' lang='lat' dir='ltr'><strong>tandi</strong></span> <span class='ocrx_word' id='word_1_229' title='bbox 176 2962 245 3011; x_wconf 85' lang='lat' dir='ltr'><strong>sint:</strong></span> <span class='ocrx_word' id='word_1_230' title='bbox 269 2961 346 3010; x_wconf 86' lang='lat' dir='ltr'><strong>inter</strong></span> <span class='ocrx_word' id='word_1_231' title='bbox 359 2976 425 3025; x_wconf 87' lang='lat' dir='ltr'><strong>quos</strong></span> <span class='ocrx_word' id='word_1_232' title='bbox 442 2963 538 3027; x_wconf 89' lang='lat' dir='ltr'><strong>opinor</strong></span> <span class='ocrx_word' id='word_1_233' title='bbox 550 2962 637 3012; x_wconf 87' lang='lat' dir='ltr'><strong>Sicin-</strong></span> 
     </span>
     <span class='ocr_line' id='line_1_29' title="bbox 18 3024 638 3091; baseline 0.008 -17"><span class='ocrx_word' id='word_1_234' title='bbox 18 3024 19 3035; x_wconf 73' lang='grc'>’</span> <span class='ocrx_word' id='word_1_235' title='bbox 99 3028 229 3091; x_wconf 74' lang='lat' dir='ltr'><strong>instuit,</strong></span> <span class='ocrx_word' id='word_1_236' title='bbox 261 3028 398 3078; x_wconf 81' lang='lat' dir='ltr'><strong>suadente</strong></span> <span class='ocrx_word' id='word_1_237' title='bbox 424 3033 453 3079; x_wconf 85' lang='lat' dir='ltr'><strong>et</strong></span> <span class='ocrx_word' id='word_1_238' title='bbox 476 3030 638 3079; x_wconf 83' lang='lat' dir='ltr'><strong>adhortante</strong></span> 
     </span>
     <span class='ocr_line' id='line_1_30' title="bbox 99 3093 636 3162; baseline 0.007 -19"><span class='ocrx_word' id='word_1_239' title='bbox 99 3093 278 3146; x_wconf 79' lang='lat' dir='ltr'><strong>Themistocle</strong></span> <span class='ocrx_word' id='word_1_240' title='bbox 308 3112 349 3146; x_wconf 80' lang='lat' dir='ltr'><strong>eo</strong></span> <span class='ocrx_word' id='word_1_241' title='bbox 382 3096 472 3161; x_wconf 81' lang='lat' dir='ltr'><strong>magis</strong></span> <span class='ocrx_word' id='word_1_242' title='bbox 500 3102 636 3162; x_wconf 79' lang='lat' dir='ltr'><strong>receptus,</strong></span> 
     </span>
    </p>
   </div>
   <div class='ocr_carea' id='block_1_8' title="bbox 18 3162 638 3297">
    <p class='ocr_par' dir='ltr' id='par_1_13' title="bbox 18 3162 638 3297">
     <span class='ocr_line' id='line_1_31' title="bbox 18 3162 638 3229; baseline -0.002 -15"><span class='ocrx_word' id='word_1_243' title='bbox 18 3168 19 3221; x_wconf 64' lang='grc' dir='ltr'>ξ</span> <span class='ocrx_word' id='word_1_244' title='bbox 100 3162 159 3224; x_wconf 64' lang='lat' dir='ltr'><strong>qnod</strong></span> <span class='ocrx_word' id='word_1_245' title='bbox 171 3179 188 3212; x_wconf 86' lang='lat' dir='ltr'><strong>s</strong></span> <span class='ocrx_word' id='word_1_246' title='bbox 199 3164 349 3214; x_wconf 85' lang='lat' dir='ltr'><strong>Thebanis</strong></span> <span class='ocrx_word' id='word_1_247' title='bbox 361 3164 477 3213; x_wconf 83' lang='lat' dir='ltr'><strong>alienati</strong></span> <span class='ocrx_word' id='word_1_248' title='bbox 488 3165 638 3229; x_wconf 83' lang='lat' dir='ltr'><strong>Thespien-</strong></span> 
     </span>
     <span class='ocr_line' id='line_1_32' title="bbox 18 3230 638 3297; baseline 0.005 -18"><span class='ocrx_word' id='word_1_249' title='bbox 18 3252 19 3261; x_wconf 36' lang='grc' dir='ltr'><strong><em>ι</em></strong></span> <span class='ocrx_word' id='word_1_250' title='bbox 99 3242 136 3279; x_wconf 84' lang='lat' dir='ltr'><strong>ses</strong></span> <span class='ocrx_word' id='word_1_251' title='bbox 146 3230 358 3281; x_wconf 76' lang='lat' dir='ltr'><strong>Atheniensium</strong></span> <span class='ocrx_word' id='word_1_252' title='bbox 370 3232 463 3297; x_wconf 89' lang='lat' dir='ltr'><strong>potius</strong></span> <span class='ocrx_word' id='word_1_253' title='bbox 475 3237 569 3297; x_wconf 88' lang='lat' dir='ltr'><strong>partes</strong></span> <span class='ocrx_word' id='word_1_254' title='bbox 582 3247 638 3282; x_wconf 89' lang='lat' dir='ltr'><strong>am·</strong></span> 
     </span>
    </p>
   </div>
   <div class='ocr_carea' id='block_1_9' title="bbox 18 3280 640 4238">
    <p class='ocr_par' dir='ltr' id='par_1_14' title="bbox 18 3280 640 4238">
     <span class='ocr_line' id='line_1_33' title="bbox 18 3280 639 3409; baseline 0.01 -66"><span class='ocrx_word' id='word_1_255' title='bbox 18 3280 20 3343; x_wconf 70' lang='grc' dir='ltr'><strong><em>ἶ</em></strong></span> <span class='ocrx_word' id='word_1_256' title='bbox 98 3295 299 3409; x_wconf 64' lang='lat' dir='ltr'><strong>plectebantur,</strong></span> <span class='ocrx_word' id='word_1_257' title='bbox 317 3298 351 3348; x_wconf 90' lang='lat' dir='ltr'><strong>de</strong></span> <span class='ocrx_word' id='word_1_258' title='bbox 367 3314 421 3364; x_wconf 85' lang='lat' dir='ltr'><strong>qua</strong></span> <span class='ocrx_word' id='word_1_259' title='bbox 433 3315 462 3348; x_wconf 92' lang='lat' dir='ltr'><strong>re</strong></span> <span class='ocrx_word' id='word_1_260' title='bbox 475 3299 590 3349; x_wconf 82' lang='lat' dir='ltr'><strong>dixImns</strong></span> <span class='ocrx_word' id='word_1_261' title='bbox 603 3299 639 3349; x_wconf 89' lang='lat' dir='ltr'><strong>ad</strong></span> 
     </span>
     <span class='ocr_line' id='line_1_34' title="bbox 18 3364 638 3427; baseline 0 -13"><span class='ocrx_word' id='word_1_262' title='bbox 18 3392 20 3401; x_wconf 51' lang='lat' dir='ltr'>v</span> <span class='ocrx_word' id='word_1_263' title='bbox 119 3364 439 3427; x_wconf 66' lang='lat' dir='ltr'><strong>,w0011.advm‚50.</strong></span> <span class='ocrx_word' id='word_1_264' title='bbox 471 3367 513 3416; x_wconf 80' lang='lat' dir='ltr'><strong>nd</strong></span> <span class='ocrx_word' id='word_1_265' title='bbox 525 3367 638 3417; x_wconf 89' lang='lat' dir='ltr'><strong>locutio·</strong></span> 
     </span>
     <span class='ocr_line' id='line_1_35' title="bbox 98 3426 639 3496; baseline 0.004 -16"><span class='ocrx_word' id='word_1_266' title='bbox 98 3444 152 3481; x_wconf 85' lang='lat' dir='ltr'><strong>nem</strong></span> <span class='ocrx_word' id='word_1_267' title='bbox 173 3426 346 3496; x_wconf 71' lang='grc' dir='ltr'><strong><em>κατύπερθε</em></strong></span> <span class='ocrx_word' id='word_1_268' title='bbox 374 3434 463 3495; x_wconf 88' lang='lat' dir='ltr'><strong>(cuius</strong></span> <span class='ocrx_word' id='word_1_269' title='bbox 487 3432 547 3484; x_wconf 88' lang='lat' dir='ltr'><strong>loeo</strong></span> <span class='ocrx_word' id='word_1_270' title='bbox 571 3434 639 3483; x_wconf 87' lang='lat' dir='ltr'><strong>San-</strong></span> 
     </span>
     <span class='ocr_line' id='line_1_36' title="bbox 99 3495 637 3565; baseline 0.007 -19"><span class='ocrx_word' id='word_1_271' title='bbox 99 3501 174 3549; x_wconf 84' lang='lat' dir='ltr'><strong>crofti</strong></span> <span class='ocrx_word' id='word_1_272' title='bbox 193 3502 269 3552; x_wconf 85' lang='lat' dir='ltr'><strong>liber</strong></span> <span class='ocrx_word' id='word_1_273' title='bbox 292 3495 500 3565; x_wconf 76' lang='grc' dir='ltr'><strong><em>κατυπέρτερα,</em></strong></span> <span class='ocrx_word' id='word_1_274' title='bbox 525 3506 556 3550; x_wconf 90' lang='lat' dir='ltr'><strong>ut</strong></span> <span class='ocrx_word' id='word_1_275' title='bbox 574 3502 637 3563; x_wconf 92' lang='lat' dir='ltr'><strong>Vll,</strong></span> 
     </span>
     <span class='ocr_line' id='line_1_37' title="bbox 98 3564 637 3632; baseline 0.002 -15"><span class='ocrx_word' id='word_1_276' title='bbox 98 3564 151 3629; x_wconf 70' lang='grc'><strong>233)</strong></span> <span class='ocrx_word' id='word_1_277' title='bbox 163 3568 303 3632; x_wconf 70' lang='grc' dir='ltr'><strong><em>γίνεσθαι</em></strong></span> <span class='ocrx_word' id='word_1_278' title='bbox 315 3569 370 3618; x_wconf 78' lang='lat' dir='ltr'><strong>vid.</strong></span> <span class='ocrx_word' id='word_1_279' title='bbox 381 3574 448 3619; x_wconf 88' lang='lat' dir='ltr'><strong>nott.</strong></span> <span class='ocrx_word' id='word_1_280' title='bbox 461 3569 495 3618; x_wconf 87' lang='lat' dir='ltr'><strong>ad</strong></span> <span class='ocrx_word' id='word_1_281' title='bbox 505 3569 581 3632; x_wconf 88' lang='lat' dir='ltr'><strong>VIII,</strong></span> <span class='ocrx_word' id='word_1_282' title='bbox 598 3567 637 3629; x_wconf 82' lang='lat'><strong>19,</strong></span> 
     </span>
     <span class='ocr_line' id='line_1_38' title="bbox 100 3630 639 3702; baseline 0.007 -21"><span class='ocrx_word' id='word_1_283' title='bbox 100 3640 123 3681; x_wconf 83' lang='lat' dir='ltr'><strong>et</strong></span> <span class='ocrx_word' id='word_1_284' title='bbox 134 3635 166 3685; x_wconf 87' lang='lat' dir='ltr'><strong>sd</strong></span> <span class='ocrx_word' id='word_1_285' title='bbox 177 3630 302 3702; x_wconf 76' lang='grc' dir='ltr'><strong><em>παρέχει</em></strong></span> <span class='ocrx_word' id='word_1_286' title='bbox 314 3641 382 3688; x_wconf 90' lang='lat' dir='ltr'><strong>nott.</strong></span> <span class='ocrx_word' id='word_1_287' title='bbox 397 3637 431 3686; x_wconf 85' lang='lat' dir='ltr'><strong>ad</strong></span> <span class='ocrx_word' id='word_1_288' title='bbox 443 3637 522 3698; x_wconf 85' lang='lat' dir='ltr'><strong>VIII,</strong></span> <span class='ocrx_word' id='word_1_289' title='bbox 535 3634 562 3685; x_wconf 82' lang='lat'><strong>8.</strong></span> <span class='ocrx_word' id='word_1_290' title='bbox 598 3636 639 3685; x_wconf 82' lang='lat' dir='ltr'><strong>Ad</strong></span> 
     </span>
     <span class='ocr_line' id='line_1_39' title="bbox 98 3696 639 3769; baseline 0.009 -21"><span class='ocrx_word' id='word_1_291' title='bbox 98 3698 258 3755; x_wconf 85' lang='lat' dir='ltr'><strong>locutionem</strong></span> <span class='ocrx_word' id='word_1_292' title='bbox 296 3697 424 3769; x_wconf 83' lang='grc' dir='ltr'><strong><em>δρησμὸν</em></strong></span> <span class='ocrx_word' id='word_1_293' title='bbox 452 3696 639 3769; x_wconf 73' lang='grc' dir='ltr'><strong><em>βουλεύονται</em></strong></span> 
     </span>
     <span class='ocr_line' id='line_1_40' title="bbox 100 3770 639 3837; baseline 0.006 -20"><span class='ocrx_word' id='word_1_294' title='bbox 100 3770 164 3819; x_wconf 80' lang='lat' dir='ltr'><strong>conl.</strong></span> <span class='ocrx_word' id='word_1_295' title='bbox 177 3777 248 3822; x_wconf 87' lang='lat' dir='ltr'><strong>nott.</strong></span> <span class='ocrx_word' id='word_1_296' title='bbox 263 3770 301 3821; x_wconf 89' lang='lat' dir='ltr'><strong>ad</strong></span> <span class='ocrx_word' id='word_1_297' title='bbox 312 3772 388 3829; x_wconf 89' lang='lat' dir='ltr'><strong>VIII,</strong></span> <span class='ocrx_word' id='word_1_298' title='bbox 401 3773 432 3831; x_wconf 75' lang='lat'><strong>43</strong></span> <span class='ocrx_word' id='word_1_299' title='bbox 451 3771 486 3820; x_wconf 92' lang='lat' dir='ltr'><strong>ad</strong></span> <span class='ocrx_word' id='word_1_300' title='bbox 498 3771 639 3837; x_wconf 80' lang='lat' dir='ltr'><strong>signifiea-</strong></span> 
     </span>
     <span class='ocr_line' id='line_1_41' title="bbox 98 3831 640 3902; baseline 0.009 -20"><span class='ocrx_word' id='word_1_301' title='bbox 98 3837 192 3888; x_wconf 82' lang='lat' dir='ltr'><strong>tionem</strong></span> <span class='ocrx_word' id='word_1_302' title='bbox 212 3839 296 3890; x_wconf 79' lang='lat' dir='ltr'><strong>verbi</strong></span> <span class='ocrx_word' id='word_1_303' title='bbox 320 3831 496 3902; x_wconf 76' lang='grc' dir='ltr'><strong><em>διαδράντας</em></strong></span> <span class='ocrx_word' id='word_1_304' title='bbox 517 3843 585 3889; x_wconf 89' lang='lat' dir='ltr'><strong>nott.</strong></span> <span class='ocrx_word' id='word_1_305' title='bbox 605 3839 640 3888; x_wconf 91' lang='lat' dir='ltr'><strong>ad</strong></span> 
     </span>
     <span class='ocr_line' id='line_1_42' title="bbox 99 3896 640 3970; baseline 0.004 -16"><span class='ocrx_word' id='word_1_306' title='bbox 99 3902 165 3967; x_wconf 85' lang='lat' dir='ltr'><strong>Vlll,</strong></span> <span class='ocrx_word' id='word_1_307' title='bbox 174 3905 216 3956; x_wconf 79' lang='grc'><strong>60.</strong></span> <span class='ocrx_word' id='word_1_308' title='bbox 227 3909 253 3967; x_wconf 65' lang='grc' dir='ltr'><strong>δ.</strong></span> <span class='ocrx_word' id='word_1_309' title='bbox 268 3907 292 3955; x_wconf 90' lang='lat' dir='ltr'><strong>l.</strong></span> <span class='ocrx_word' id='word_1_310' title='bbox 302 3907 436 3957; x_wconf 88' lang='lat' dir='ltr'><strong>-Verba</strong></span> <span class='ocrx_word' id='word_1_311' title='bbox 448 3899 514 3964; x_wconf 73' lang='grc' dir='ltr'><strong><em>τοὺς</em></strong></span> <span class='ocrx_word' id='word_1_312' title='bbox 525 3898 560 3956; x_wconf 76' lang='grc' dir='ltr'><strong>τὰ</strong></span> <span class='ocrx_word' id='word_1_313' title='bbox 573 3896 640 3970; x_wconf 75' lang='grc' dir='ltr'><strong><em>ὁμέ-</em></strong></span> 
     </span>
     <span class='ocr_line' id='line_1_43' title="bbox 99 3971 639 4039; baseline 0.007 -21"><span class='ocrx_word' id='word_1_314' title='bbox 99 3984 159 4037; x_wconf 90' lang='grc' dir='ltr'><strong><em>τερα</em></strong></span> <span class='ocrx_word' id='word_1_315' title='bbox 177 3971 358 4038; x_wconf 78' lang='grc' dir='ltr'><strong><em>φρονέοντας</em></strong></span> <span class='ocrx_word' id='word_1_316' title='bbox 376 3975 470 4039; x_wconf 83' lang='lat' dir='ltr'><strong>attigit</strong></span> <span class='ocrx_word' id='word_1_317' title='bbox 481 3975 578 4024; x_wconf 86' lang='lat' dir='ltr'><strong>Matth.</strong></span> <span class='ocrx_word' id='word_1_318' title='bbox 593 3973 639 4023; x_wconf 84' lang='lat' dir='ltr'><strong>Gr.</strong></span> 
     </span>
     <span class='ocr_line' id='line_1_44' title="bbox 101 4036 638 4106; baseline 0.009 -19"><span class='ocrx_word' id='word_1_319' title='bbox 101 4036 235 4103; x_wconf 56' lang='lat' dir='ltr'><strong>urtam,</strong></span> <span class='ocrx_word' id='word_1_320' title='bbox 250 4057 368 4106; x_wconf 89' lang='lat' dir='ltr'><strong>quocum</strong></span> <span class='ocrx_word' id='word_1_321' title='bbox 381 4042 559 4091; x_wconf 86' lang='lat' dir='ltr'><strong>conferantur</strong></span> <span class='ocrx_word' id='word_1_322' title='bbox 570 4045 638 4091; x_wconf 90' lang='lat' dir='ltr'><strong>nott.</strong></span> 
     </span>
     <span class='ocr_line' id='line_1_45' title="bbox 102 4105 639 4170; baseline 0.006 -16"><span class='ocrx_word' id='word_1_323' title='bbox 102 4105 132 4154; x_wconf 83' lang='lat' dir='ltr'><strong>sd</strong></span> <span class='ocrx_word' id='word_1_324' title='bbox 142 4108 277 4159; x_wconf 82' lang='lat' dir='ltr'><strong>Herodot.</strong></span> <span class='ocrx_word' id='word_1_325' title='bbox 290 4110 356 4170; x_wconf 86' lang='lat' dir='ltr'><strong>vn,</strong></span> <span class='ocrx_word' id='word_1_326' title='bbox 378 4107 433 4159; x_wconf 79' lang='lat'>145.</span> <span class='ocrx_word' id='word_1_327' title='bbox 469 4109 511 4159; x_wconf 79' lang='lat' dir='ltr'><strong>Ad</strong></span> <span class='ocrx_word' id='word_1_328' title='bbox 526 4109 639 4159; x_wconf 80' lang='lat' dir='ltr'><strong>verbum</strong></span> 
     </span>
     <span class='ocr_line' id='line_1_46' title="bbox 102 4162 538 4238; baseline 0.014 -17"><span class='ocrx_word' id='word_1_329' title='bbox 102 4162 224 4226; x_wconf 65' lang='lat' dir='ltr'><strong>innotus</strong></span> <span class='ocrx_word' id='word_1_330' title='bbox 235 4176 293 4227; x_wconf 75' lang='lat' dir='ltr'><strong>vid.</strong></span> <span class='ocrx_word' id='word_1_331' title='bbox 307 4181 376 4226; x_wconf 92' lang='lat' dir='ltr'><strong>nott.</strong></span> <span class='ocrx_word' id='word_1_332' title='bbox 391 4177 426 4227; x_wconf 85' lang='lat' dir='ltr'><strong>ad</strong></span> <span class='ocrx_word' id='word_1_333' title='bbox 438 4176 482 4238; x_wconf 86' lang='lat' dir='ltr'><strong>VI,</strong></span> <span class='ocrx_word' id='word_1_334' title='bbox 496 4175 538 4227; x_wconf 80' lang='lat'><strong>35.</strong></span> 
     </span>
    </p>
   </div>
   <div class='ocr_carea' id='block_1_10' title="bbox 130 4270 640 4444">
    <p class='ocr_par' dir='ltr' id='par_1_15' title="bbox 130 4270 640 4444">
     <span class='ocr_line' id='line_1_47' title="bbox 263 4270 504 4345; baseline 0.004 -1"><span class='ocrx_word' id='word_1_335' title='bbox 263 4295 330 4345; x_wconf 66' lang='lat' dir='ltr'><strong>cn.</strong></span> <span class='ocrx_word' id='word_1_336' title='bbox 347 4295 472 4345; x_wconf 59' lang='grc' dir='ltr'><strong><em>τηεσε.</em></strong></span> <span class='ocrx_word' id='word_1_337' title='bbox 502 4270 504 4275; x_wconf 75' lang='grc'>’</span> 
     </span>
     <span class='ocr_line' id='line_1_48' title="bbox 130 4366 640 4444; baseline -0.002 -16"><span class='ocrx_word' id='word_1_338' title='bbox 130 4366 166 4435; x_wconf 65' lang='grc' dir='ltr'><strong><em>ὃν</em></strong></span> <span class='ocrx_word' id='word_1_339' title='bbox 182 4373 270 4430; x_wconf 77' lang='grc' dir='ltr'><strong><em>πιστοὶ</em></strong></span> <span class='ocrx_word' id='word_1_340' title='bbox 287 4370 410 4444; x_wconf 70' lang='grc' dir='ltr'><strong><em>δχίνετο]</em></strong></span> <span class='ocrx_word' id='word_1_341' title='bbox 434 4379 477 4428; x_wconf 84' lang='lat' dir='ltr'><strong>lta</strong></span> <span class='ocrx_word' id='word_1_342' title='bbox 495 4395 510 4428; x_wconf 90' lang='lat' dir='ltr'><strong>e</strong></span> <span class='ocrx_word' id='word_1_343' title='bbox 527 4377 640 4428; x_wconf 84' lang='lat' dir='ltr'><strong>Floren-</strong></span> 
     </span>
    </p>
   </div>
   <div class='ocr_carea' id='block_1_11' title="bbox 148 4479 374 4526">
    <p class='ocr_par' dir='ltr' id='par_1_16' title="bbox 148 4479 374 4526">
     <span class='ocr_line' id='line_1_49' title="bbox 148 4479 374 4526; baseline 0.031 -8"><span class='ocrx_word' id='word_1_344' title='bbox 148 4479 307 4525; x_wconf 71' lang='lat' dir='ltr'>HERODOT.</span> <span class='ocrx_word' id='word_1_345' title='bbox 330 4483 374 4526; x_wconf 81' lang='lat' dir='ltr'><strong>lv.</strong></span> 
     </span>
    </p>
   </div>
   <div class='ocr_carea' id='block_1_12' title="bbox 689 2760 1236 3230">
    <p class='ocr_par' dir='ltr' id='par_1_17' title="bbox 689 2760 1236 3230">
     <span class='ocr_line' id='line_1_50' title="bbox 690 2760 1235 2826; baseline -0.006 -13"><span class='ocrx_word' id='word_1_346' title='bbox 690 2776 810 2826; x_wconf 82' lang='lat' dir='ltr'><strong>pugnam</strong></span> <span class='ocrx_word' id='word_1_347' title='bbox 828 2760 903 2809; x_wconf 85' lang='lat' dir='ltr'><strong>illam</strong></span> <span class='ocrx_word' id='word_1_348' title='bbox 917 2760 1045 2810; x_wconf 82' lang='lat' dir='ltr'><strong>navalem</strong></span> <span class='ocrx_word' id='word_1_349' title='bbox 1059 2761 1177 2810; x_wconf 81' lang='lat' dir='ltr'><strong>maxime</strong></span> <span class='ocrx_word' id='word_1_350' title='bbox 1191 2776 1235 2810; x_wconf 89' lang='lat' dir='ltr'><strong>ce·</strong></span> 
     </span>
     <span class='ocr_line' id='line_1_51' title="bbox 690 2828 1236 2892; baseline -0.002 -15"><span class='ocrx_word' id='word_1_351' title='bbox 690 2828 808 2878; x_wconf 85' lang='lat' dir='ltr'><strong>lehrata.</strong></span> <span class='ocrx_word' id='word_1_352' title='bbox 841 2828 920 2877; x_wconf 88' lang='lat' dir='ltr'><strong>Nunc</strong></span> <span class='ocrx_word' id='word_1_353' title='bbox 932 2833 1048 2877; x_wconf 80' lang='lat' dir='ltr'><strong>vocatur</strong></span> <span class='ocrx_word' id='word_1_354' title='bbox 1060 2828 1236 2892; x_wconf 81' lang='lat' dir='ltr'><strong>hlpsocotulia</strong></span> 
     </span>
     <span class='ocr_line' id='line_1_52' title="bbox 691 2890 1234 2960; baseline -0.004 -14"><span class='ocrx_word' id='word_1_355' title='bbox 691 2890 923 2959; x_wconf 64' lang='lat' dir='ltr'><strong>(desuescendis)</strong></span> <span class='ocrx_word' id='word_1_356' title='bbox 936 2910 988 2944; x_wconf 87' lang='lat' dir='ltr'><strong>nee</strong></span> <span class='ocrx_word' id='word_1_357' title='bbox 1002 2895 1066 2945; x_wconf 88' lang='lat' dir='ltr'><strong>ullie</strong></span> <span class='ocrx_word' id='word_1_358' title='bbox 1078 2895 1182 2960; x_wconf 83' lang='lat' dir='ltr'><strong>gaudet</strong></span> <span class='ocrx_word' id='word_1_359' title='bbox 1194 2896 1234 2945; x_wconf 90' lang='lat' dir='ltr'><strong>in-</strong></span> 
     </span>
     <span class='ocr_line' id='line_1_53' title="bbox 691 2961 1235 3026; baseline 0 -13"><span class='ocrx_word' id='word_1_360' title='bbox 691 2963 768 3013; x_wconf 75' lang='lat' dir='ltr'><strong>colit.</strong></span> <span class='ocrx_word' id='word_1_361' title='bbox 786 2962 846 3011; x_wconf 91' lang='lat' dir='ltr'><strong>Vid.</strong></span> <span class='ocrx_word' id='word_1_362' title='bbox 854 2962 984 3026; x_wconf 77' lang='lat' dir='ltr'><strong>Aeschyli</strong></span> <span class='ocrx_word' id='word_1_363' title='bbox 994 2965 1068 3013; x_wconf 88' lang='lat' dir='ltr'><strong>Pers.</strong></span> <span class='ocrx_word' id='word_1_364' title='bbox 1076 2963 1126 3014; x_wconf 79' lang='lat'><strong>453</strong></span> <span class='ocrx_word' id='word_1_365' title='bbox 1135 2961 1235 3013; x_wconf 77' lang='lat' dir='ltr'><strong>Bloml&#39;.</strong></span> 
     </span>
     <span class='ocr_line' id='line_1_54' title="bbox 689 3028 1234 3091; baseline -0.002 -11"><span class='ocrx_word' id='word_1_366' title='bbox 689 3031 809 3080; x_wconf 80' lang='lat' dir='ltr'><strong>Pausan.</strong></span> <span class='ocrx_word' id='word_1_367' title='bbox 823 3030 844 3089; x_wconf 93' lang='grc' dir='ltr'><strong>Ι,</strong></span> <span class='ocrx_word' id='word_1_368' title='bbox 858 3028 900 3080; x_wconf 84' lang='grc'><strong>36.</strong></span> <span class='ocrx_word' id='word_1_369' title='bbox 912 3032 936 3091; x_wconf 84' lang='lat'><strong>§.</strong></span> <span class='ocrx_word' id='word_1_370' title='bbox 950 3030 975 3078; x_wconf 84' lang='grc'><strong>2.</strong></span> <span class='ocrx_word' id='word_1_371' title='bbox 994 3031 1095 3080; x_wconf 86' lang='lat' dir='ltr'><strong>Kruee:</strong></span> <span class='ocrx_word' id='word_1_372' title='bbox 1108 3030 1182 3081; x_wconf 88' lang='lat' dir='ltr'><strong>Hell.</strong></span> <span class='ocrx_word' id='word_1_373' title='bbox 1196 3031 1234 3091; x_wconf 92' lang='lat' dir='ltr'><strong>II,</strong></span> 
     </span>
     <span class='ocr_line' id='line_1_55' title="bbox 692 3097 1234 3163; baseline 0 -16"><span class='ocrx_word' id='word_1_374' title='bbox 692 3097 715 3147; x_wconf 88' lang='lat' dir='ltr'><strong>l.</strong></span> <span class='ocrx_word' id='word_1_375' title='bbox 734 3115 759 3163; x_wconf 91' lang='lat' dir='ltr'><strong>p.</strong></span> <span class='ocrx_word' id='word_1_376' title='bbox 778 3097 840 3159; x_wconf 80' lang='lat'><strong>304,</strong></span> <span class='ocrx_word' id='word_1_377' title='bbox 860 3097 969 3147; x_wconf 80' lang='lat' dir='ltr'><strong>Leuke:</strong></span> <span class='ocrx_word' id='word_1_378' title='bbox 992 3098 1046 3147; x_wconf 90' lang='lat' dir='ltr'><strong>Die</strong></span> <span class='ocrx_word' id='word_1_379' title='bbox 1063 3099 1170 3147; x_wconf 89' lang='lat' dir='ltr'><strong>Demen</strong></span> <span class='ocrx_word' id='word_1_380' title='bbox 1187 3098 1234 3147; x_wconf 81' lang='lat' dir='ltr'><strong>At-</strong></span> 
     </span>
     <span class='ocr_line' id='line_1_56' title="bbox 691 3164 1233 3230; baseline 0 -15"><span class='ocrx_word' id='word_1_381' title='bbox 691 3166 770 3215; x_wconf 80' lang='lat' dir='ltr'><strong>tica’e</strong></span> <span class='ocrx_word' id='word_1_382' title='bbox 783 3180 846 3230; x_wconf 82' lang='lat' dir='ltr'><strong>pag.</strong></span> <span class='ocrx_word' id='word_1_383' title='bbox 853 3164 903 3214; x_wconf 80' lang='lat'><strong>207</strong></span> <span class='ocrx_word' id='word_1_384' title='bbox 918 3165 1233 3215; x_wconf 77' lang='lat' dir='ltr'><strong>everaweetermanni.</strong></span> 
     </span>
    </p>
   </div>
   <div class='ocr_carea' id='block_1_13' title="bbox 690 3228 1234 3364">
    <p class='ocr_par' dir='ltr' id='par_1_18' title="bbox 690 3228 1234 3364">
     <span class='ocr_line' id='line_1_57' title="bbox 690 3228 1234 3297; baseline 0 -16"><span class='ocrx_word' id='word_1_385' title='bbox 690 3232 730 3282; x_wconf 80' lang='lat' dir='ltr'><strong>Ad</strong></span> <span class='ocrx_word' id='word_1_386' title='bbox 743 3232 839 3283; x_wconf 83' lang='lat' dir='ltr'><strong>vdcem</strong></span> <span class='ocrx_word' id='word_1_387' title='bbox 852 3228 933 3296; x_wconf 76' lang='grc' dir='ltr'><strong><em>νησὶς</em></strong></span> <span class='ocrx_word' id='word_1_388' title='bbox 945 3233 1094 3296; x_wconf 85' lang='lat' dir='ltr'><strong>pertinent,</strong></span> <span class='ocrx_word' id='word_1_389' title='bbox 1108 3248 1178 3297; x_wconf 87' lang='lat' dir='ltr'><strong>qnae</strong></span> <span class='ocrx_word' id='word_1_390' title='bbox 1193 3238 1234 3281; x_wconf 85' lang='lat' dir='ltr'><strong>st·</strong></span> 
     </span>
     <span class='ocr_line' id='line_1_58' title="bbox 690 3298 1234 3364; baseline 0.002 -16"><span class='ocrx_word' id='word_1_391' title='bbox 690 3299 754 3348; x_wconf 89' lang='lat' dir='ltr'><strong>tulit</strong></span> <span class='ocrx_word' id='word_1_392' title='bbox 767 3300 870 3348; x_wconf 84' lang='lat' dir='ltr'><strong>lanson</strong></span> <span class='ocrx_word' id='word_1_393' title='bbox 880 3300 922 3349; x_wconf 88' lang='lat' dir='ltr'><strong>iu:</strong></span> <span class='ocrx_word' id='word_1_394' title='bbox 941 3300 1057 3349; x_wconf 85' lang='lat' dir='ltr'><strong>Jahrbb.</strong></span> <span class='ocrx_word' id='word_1_395' title='bbox 1069 3299 1088 3350; x_wconf 82' lang='lat' dir='ltr'><strong>i.</strong></span> <span class='ocrx_word' id='word_1_396' title='bbox 1098 3298 1234 3364; x_wconf 79' lang='lat' dir='ltr'><strong>Philolog.</strong></span> 
     </span>
    </p>
   </div>
   <div class='ocr_carea' id='block_1_14' title="bbox 688 3365 1283 4443">
    <p class='ocr_par' dir='ltr' id='par_1_19' title="bbox 688 3365 1283 4443">
     <span class='ocr_line' id='line_1_59' title="bbox 690 3365 1236 3445; baseline -0.002 -29"><span class='ocrx_word' id='word_1_397' title='bbox 690 3367 785 3432; x_wconf 81' lang='lat' dir='ltr'><strong>Suppl.</strong></span> <span class='ocrx_word' id='word_1_398' title='bbox 804 3367 864 3417; x_wconf 89' lang='lat' dir='ltr'><strong>Vol.</strong></span> <span class='ocrx_word' id='word_1_399' title='bbox 882 3368 955 3417; x_wconf 76' lang='lat' dir='ltr'><strong>xlx,</strong></span> <span class='ocrx_word' id='word_1_400' title='bbox 974 3383 1037 3445; x_wconf 67' lang='lat' dir='ltr'><strong>pag.</strong></span> <span class='ocrx_word' id='word_1_401' title='bbox 1050 3365 1108 3417; x_wconf 78' lang='lat'>531.</span> <span class='ocrx_word' id='word_1_402' title='bbox 1122 3393 1155 3402; x_wconf 92' lang='lat'><em>-</em></span> <span class='ocrx_word' id='word_1_403' title='bbox 1171 3367 1236 3416; x_wconf 84' lang='lat' dir='ltr'><strong>Mox</strong></span> 
     </span>
     <span class='ocr_line' id='line_1_60' title="bbox 690 3433 1254 3499; baseline -0.002 -15"><span class='ocrx_word' id='word_1_404' title='bbox 690 3434 853 3499; x_wconf 84' lang='lat' dir='ltr'><strong>Schweigh.,</strong></span> <span class='ocrx_word' id='word_1_405' title='bbox 861 3450 940 3498; x_wconf 90' lang='lat' dir='ltr'><strong>quem</strong></span> <span class='ocrx_word' id='word_1_406' title='bbox 950 3440 1075 3498; x_wconf 80' lang='lat' dir='ltr'><strong>sequitur</strong></span> <span class='ocrx_word' id='word_1_407' title='bbox 1085 3433 1182 3495; x_wconf 79' lang='lat' dir='ltr'><strong>Gaias,</strong></span> <span class='ocrx_word' id='word_1_408' title='bbox 1193 3449 1235 3483; x_wconf 90' lang='lat' dir='ltr'><strong>re·</strong></span> <span class='ocrx_word' id='word_1_409' title='bbox 1251 3437 1254 3443; x_wconf 62' lang='lat'><strong>⁴</strong></span> 
     </span>
     <span class='ocr_line' id='line_1_61' title="bbox 688 3494 1283 3566; baseline -0.002 -15"><span class='ocrx_word' id='word_1_410' title='bbox 688 3503 773 3551; x_wconf 88' lang='lat' dir='ltr'><strong>tinuit</strong></span> <span class='ocrx_word' id='word_1_411' title='bbox 783 3494 999 3566; x_wconf 74' lang='grc' dir='ltr'><strong><em>ἀπεβιβάσαντο</em></strong></span> <span class='ocrx_word' id='word_1_412' title='bbox 1018 3502 1160 3565; x_wconf 88' lang='lat' dir='ltr'><strong>medioque</strong></span> <span class='ocrx_word' id='word_1_413' title='bbox 1174 3515 1235 3551; x_wconf 82' lang='lat' dir='ltr'><strong>ver·</strong></span> <span class='ocrx_word' id='word_1_414' title='bbox 1280 3546 1283 3550; x_wconf 89' lang='lat'>.</span> 
     </span>
     <span class='ocr_line' id='line_1_62' title="bbox 690 3568 1234 3629; baseline -0.002 -10"><span class='ocrx_word' id='word_1_415' title='bbox 690 3570 725 3619; x_wconf 90' lang='lat' dir='ltr'><strong>ho</strong></span> <span class='ocrx_word' id='word_1_416' title='bbox 743 3585 805 3618; x_wconf 87' lang='lat' dir='ltr'><strong>eam</strong></span> <span class='ocrx_word' id='word_1_417' title='bbox 827 3569 923 3618; x_wconf 88' lang='lat' dir='ltr'><strong>tribuit</strong></span> <span class='ocrx_word' id='word_1_418' title='bbox 945 3570 1013 3629; x_wconf 83' lang='lat' dir='ltr'><strong>vim,</strong></span> <span class='ocrx_word' id='word_1_419' title='bbox 1036 3568 1234 3627; x_wconf 69' lang='lat' dir='ltr'><strong>attalicum,</strong></span> 
     </span>
     <span class='ocr_line' id='line_1_63' title="bbox 689 3636 1235 3687; baseline 0 -2"><span class='ocrx_word' id='word_1_420' title='bbox 689 3637 741 3686; x_wconf 78' lang='lat' dir='ltr'><strong>cuis</strong></span> <span class='ocrx_word' id='word_1_421' title='bbox 753 3637 893 3687; x_wconf 75' lang='lat' dir='ltr'><strong>rationibus</strong></span> <span class='ocrx_word' id='word_1_422' title='bbox 905 3641 1063 3686; x_wconf 64' lang='lat' dir='ltr'><strong>consistentes</strong></span> <span class='ocrx_word' id='word_1_423' title='bbox 1075 3637 1104 3685; x_wconf 91' lang='lat' dir='ltr'><strong>in</strong></span> <span class='ocrx_word' id='word_1_424' title='bbox 1117 3636 1235 3685; x_wconf 85' lang='lat' dir='ltr'><strong>insulam</strong></span> 
     </span>
     <span class='ocr_line' id='line_1_64' title="bbox 690 3702 1235 3754; baseline -0.002 -2"><span class='ocrx_word' id='word_1_425' title='bbox 690 3705 772 3753; x_wconf 83' lang='lat' dir='ltr'><strong>letam</strong></span> <span class='ocrx_word' id='word_1_426' title='bbox 785 3704 833 3754; x_wconf 86' lang='lat' dir='ltr'><strong>hoe</strong></span> <span class='ocrx_word' id='word_1_427' title='bbox 845 3708 1033 3754; x_wconf 70' lang='lat' dir='ltr'><strong>transmiserim</strong></span> <span class='ocrx_word' id='word_1_428' title='bbox 1044 3704 1156 3754; x_wconf 86' lang='lat' dir='ltr'><strong>Persae.</strong></span> <span class='ocrx_word' id='word_1_429' title='bbox 1181 3702 1235 3752; x_wconf 79' lang='lat' dir='ltr'><strong>Sed</strong></span> 
     </span>
     <span class='ocr_line' id='line_1_65' title="bbox 690 3769 1234 3836; baseline -0.006 -15"><span class='ocrx_word' id='word_1_430' title='bbox 690 3772 808 3821; x_wconf 86' lang='lat' dir='ltr'><strong>medium</strong></span> <span class='ocrx_word' id='word_1_431' title='bbox 820 3771 933 3821; x_wconf 84' lang='lat' dir='ltr'><strong>verbum</strong></span> <span class='ocrx_word' id='word_1_432' title='bbox 952 3773 975 3820; x_wconf 88' lang='lat' dir='ltr'><strong>si</strong></span> <span class='ocrx_word' id='word_1_433' title='bbox 988 3772 1109 3836; x_wconf 86' lang='lat' dir='ltr'><strong>ponitur,</strong></span> <span class='ocrx_word' id='word_1_434' title='bbox 1129 3769 1234 3835; x_wconf 83' lang='lat' dir='ltr'><strong>signifi·</strong></span> 
     </span>
     <span class='ocr_line' id='line_1_66' title="bbox 692 3837 1236 3899; baseline -0.004 -11"><span class='ocrx_word' id='word_1_435' title='bbox 692 3839 776 3899; x_wconf 86' lang='lat' dir='ltr'><strong>eabit,</strong></span> <span class='ocrx_word' id='word_1_436' title='bbox 787 3843 819 3887; x_wconf 91' lang='lat' dir='ltr'><strong>ut</strong></span> <span class='ocrx_word' id='word_1_437' title='bbox 828 3844 903 3888; x_wconf 86' lang='lat' dir='ltr'><strong>recte</strong></span> <span class='ocrx_word' id='word_1_438' title='bbox 914 3837 1151 3889; x_wconf 87' lang='lat' dir='ltr'><strong>monuitDietsch.</strong></span> <span class='ocrx_word' id='word_1_439' title='bbox 1160 3856 1166 3887; x_wconf 89' lang='lat'>:</span> <span class='ocrx_word' id='word_1_440' title='bbox 1176 3838 1236 3886; x_wconf 81' lang='lat' dir='ltr'><strong>edu-</strong></span> 
     </span>
     <span class='ocr_line' id='line_1_67' title="bbox 691 3905 1236 3970; baseline -0.002 -14"><span class='ocrx_word' id='word_1_441' title='bbox 691 3908 785 3957; x_wconf 78' lang='lat' dir='ltr'><strong>cendos</strong></span> <span class='ocrx_word' id='word_1_442' title='bbox 809 3913 940 3957; x_wconf 76' lang='lat' dir='ltr'><strong>curarunt.</strong></span> <span class='ocrx_word' id='word_1_443' title='bbox 984 3905 1118 3970; x_wconf 85' lang='lat' dir='ltr'><strong>Equidem</strong></span> <span class='ocrx_word' id='word_1_444' title='bbox 1142 3909 1236 3955; x_wconf 88' lang='lat' dir='ltr'><strong>tamen</strong></span> 
     </span>
     <span class='ocr_line' id='line_1_68' title="bbox 692 3972 1237 4025; baseline -0.006 -2"><span class='ocrx_word' id='word_1_445' title='bbox 692 3989 753 4024; x_wconf 86' lang='lat' dir='ltr'><strong>eum</strong></span> <span class='ocrx_word' id='word_1_446' title='bbox 770 3974 867 4023; x_wconf 83' lang='lat' dir='ltr'><strong>Matth.</strong></span> <span class='ocrx_word' id='word_1_447' title='bbox 889 3979 917 4023; x_wconf 89' lang='lat' dir='ltr'><strong>et</strong></span> <span class='ocrx_word' id='word_1_448' title='bbox 934 3978 1049 4023; x_wconf 81' lang='lat' dir='ltr'><strong>reeentt</strong></span> <span class='ocrx_word' id='word_1_449' title='bbox 1069 3972 1129 4025; x_wconf 88' lang='lat' dir='ltr'><strong>edd.</strong></span> <span class='ocrx_word' id='word_1_450' title='bbox 1151 3972 1237 4022; x_wconf 82' lang='lat' dir='ltr'><strong>malui</strong></span> 
     </span>
     <span class='ocr_line' id='line_1_69' title="bbox 691 4039 1236 4104; baseline -0.006 -13"><span class='ocrx_word' id='word_1_451' title='bbox 691 4046 765 4091; x_wconf 88' lang='lat' dir='ltr'><strong>stare</strong></span> <span class='ocrx_word' id='word_1_452' title='bbox 791 4057 807 4090; x_wconf 84' lang='lat' dir='ltr'><strong>a</strong></span> <span class='ocrx_word' id='word_1_453' title='bbox 831 4041 996 4101; x_wconf 84' lang='lat' dir='ltr'><strong>Schaesero,</strong></span> <span class='ocrx_word' id='word_1_454' title='bbox 1022 4041 1068 4104; x_wconf 88' lang='lat' dir='ltr'><strong>qui</strong></span> <span class='ocrx_word' id='word_1_455' title='bbox 1093 4056 1107 4089; x_wconf 91' lang='lat' dir='ltr'><strong>e</strong></span> <span class='ocrx_word' id='word_1_456' title='bbox 1131 4039 1236 4089; x_wconf 82' lang='lat' dir='ltr'><strong>duobus</strong></span> 
     </span>
     <span class='ocr_line' id='line_1_70' title="bbox 691 4105 1235 4169; baseline -0.006 -11"><span class='ocrx_word' id='word_1_457' title='bbox 691 4108 782 4169; x_wconf 83' lang='lat' dir='ltr'><strong>codd,</strong></span> <span class='ocrx_word' id='word_1_458' title='bbox 801 4107 901 4157; x_wconf 90' lang='lat' dir='ltr'><strong>dudum</strong></span> <span class='ocrx_word' id='word_1_459' title='bbox 918 4108 1030 4158; x_wconf 85' lang='lat' dir='ltr'><strong>iubente</strong></span> <span class='ocrx_word' id='word_1_460' title='bbox 1049 4105 1235 4155; x_wconf 84' lang='lat' dir='ltr'><strong>Valckenario</strong></span> 
     </span>
     <span class='ocr_line' id='line_1_71' title="bbox 692 4165 1237 4239; baseline -0.007 -14"><span class='ocrx_word' id='word_1_461' title='bbox 692 4176 727 4225; x_wconf 86' lang='lat' dir='ltr'><strong>ad</strong></span> <span class='ocrx_word' id='word_1_462' title='bbox 739 4176 817 4236; x_wconf 87' lang='lat' dir='ltr'><strong>VIII,</strong></span> <span class='ocrx_word' id='word_1_463' title='bbox 831 4174 877 4238; x_wconf 84' lang='grc'><strong>95,</strong></span> <span class='ocrx_word' id='word_1_464' title='bbox 896 4175 971 4225; x_wconf 89' lang='lat' dir='ltr'><strong>dedit</strong></span> <span class='ocrx_word' id='word_1_465' title='bbox 987 4165 1183 4239; x_wconf 77' lang='grc' dir='ltr'><strong><em>οἷπεβίβαταν,</em></strong></span> <span class='ocrx_word' id='word_1_466' title='bbox 1204 4177 1237 4221; x_wconf 89' lang='lat' dir='ltr'><strong>ut</strong></span> 
     </span>
     <span class='ocr_line' id='line_1_72' title="bbox 690 4233 1235 4310; baseline -0.009 -18"><span class='ocrx_word' id='word_1_467' title='bbox 690 4243 772 4308; x_wconf 79' lang='lat' dir='ltr'><strong>paulo</strong></span> <span class='ocrx_word' id='word_1_468' title='bbox 789 4248 851 4308; x_wconf 81' lang='lat' dir='ltr'><strong>post</strong></span> <span class='ocrx_word' id='word_1_469' title='bbox 868 4233 1045 4310; x_wconf 79' lang='grc' dir='ltr'><strong><em>α’πεβέβαζον</em></strong></span> <span class='ocrx_word' id='word_1_470' title='bbox 1062 4238 1235 4301; x_wconf 75' lang='lat' dir='ltr'><strong>0011.1x,32</strong></span> 
     </span>
     <span class='ocr_line' id='line_1_73' title="bbox 691 4297 1234 4376; baseline -0.011 -16"><span class='ocrx_word' id='word_1_471' title='bbox 691 4300 916 4376; x_wconf 66' lang='grc' dir='ltr'><strong><em>(ἀπεβιβάσατο),</em></strong></span> <span class='ocrx_word' id='word_1_472' title='bbox 940 4310 1014 4368; x_wconf 92' lang='lat' dir='ltr'><strong>Vlll,</strong></span> <span class='ocrx_word' id='word_1_473' title='bbox 1027 4307 1060 4359; x_wconf 79' lang='lat'><strong>95</strong></span> <span class='ocrx_word' id='word_1_474' title='bbox 1076 4297 1234 4371; x_wconf 80' lang='grc' dir='ltr'><strong><em>(οἷπέβησε).</em></strong></span> 
     </span>
     <span class='ocr_line' id='line_1_74' title="bbox 694 4372 975 4443; baseline 0.004 -18"><span class='ocrx_word' id='word_1_475' title='bbox 694 4376 742 4428; x_wconf 83' lang='lat'><strong>119</strong></span> <span class='ocrx_word' id='word_1_476' title='bbox 754 4372 975 4443; x_wconf 73' lang='grc' dir='ltr'><strong><em>(καταβιβάσαι).</em></strong></span> 
     </span>
    </p>
   </div>
   <div class='ocr_carea' id='block_1_15' title="bbox 1015 4464 1034 4527">
    <p class='ocr_par' dir='ltr' id='par_1_20' title="bbox 1015 4464 1034 4527">
     <span class='ocr_line' id='line_1_75' title="bbox 1015 4464 1034 4527; baseline 0 0"><span class='ocrx_word' id='word_1_477' title='bbox 1015 4464 1034 4527; x_wconf 85' lang='grc'>8</span> 
     </span>
    </p>
   </div>
   <div class='ocr_carea' id='block_1_16' title="bbox 0 0 1480 5156">
    <p class='ocr_par' dir='ltr' id='par_1_21' title="bbox 0 0 1480 5156">
     <span class='ocr_line' id='line_1_76' title="bbox 0 0 1480 5156; baseline 0 3"><span class='ocrx_word' id='word_1_478' title='bbox 0 0 1480 5156; x_wconf 95' lang='lat' dir='ltr'><strong> </strong></span> 
     </span>
    </p>
   </div>
  </div>
 </body>
</html>
