2900 5122
380 394 640 455 OALIrIOPu.
663 396 721 454 IX.
745 404 876 459 28-31.

1134 400 1196 461 267

86 564 270 638 πεντακόσιοι
302 569 358 637 καλ
387 573 639 656 τετρακισχίλιοι
665 569 721 636 καλ
746 566 933 658 τρισμύριοι
959 557 1053 655 ἦσαν,
1090 572 1198 649 ψιλῶν

84 670 134 757 μὲν
149 666 185 757 δὴ
201 673 266 738 τῶν
281 663 439 739 ἁπάντων
456 675 607 758 μαχίμων
633 657 675 756 ἦν
700 665 737 739 κδ
762 673 891 756 πλῆθος
918 672 950 753 ἐξ
977 697 1012 738 τε
1038 668 1197 760 μυριάδες

85 773 129 839 καὶ
144 774 232 840 ἐννέα
247 769 392 859 χιλιάδες
413 773 468 840 καὶ
488 768 702 851 ἑκατοντάδες
719 772 826 841 πέντε.
867 774 936 839 Toni
953 771 990 840 tl
1007 770 1197 860 σύμπαντος
1205 784 1245 844 30

45 894 47 899 ·
80 865 248 960 Ἐλλιχνικοῦ
262 876 324 941 rori
340 868 564 951 συνελθόντος
588 875 621 952 ές
638 869 807 951 Πλαταιάς
824 869 889 942 σάν
906 900 941 941 τε
964 867 1117 962 ὁπλίτῃσι
1141 875 1196 943 καλ

83 983 286 1053 calciaretur
303 981 471 1064 μαχίμοισι
490 976 609 1044 ἕνδεκα
625 971 785 1064 μυριάδες
808 964 910 1061 ἦσαν,
937 978 1013 1064 μιῆς
1036 973 1196 1065 χιλιάδος,

83 1072 149 1161 πρὸς
164 1075 198 1145 δὲ
217 1071 422 1145 ὀκτακοσίων
446 1071 582 1165 άνδροῐυ
607 1078 834 1145 καταδέουσαι,
870 1074 935 1145 σύν
962 1076 999 1145 δὲ
1025 1079 1197 1147 Θεσπιέων

83 1192 150 1244 τοῖσι
172 1180 330 1265 παρεοῦσι
357 1180 595 1265 ἐξεπληροῦντο
622 1182 659 1245 αί
682 1180 803 1247 ἕνδεκα
833 1175 1003 1267 μυριάδες.
1043 1181 1198 1266 παρῆσαν

83 1272 132 1364 γάρ
145 1280 195 1347 καί
211 1281 383 1349 Θεσπιέων
402 1282 438 1348 έν
461 1281 509 1371 τῷ
531 1282 742 1371 στρατοπέδῳ
765 1284 800 1348 οἱ
823 1277 1024 1367 περιεόντες,
1051 1276 1198 1369 άριθμόν

84 1380 109 1456 ἐς
121 1375 321 1461 ὀκτακοσίους
344 1383 398 1449 καλ
423 1387 563 1469 χιλίους·
598 1376 685 1450 ὅπλα
703 1380 741 1449 δὲ
757 1376 828 1451 οὐδ’
847 1370 940 1451 οὗτοι
958 1379 1056 1470 εἶχον.
1094 1371 1197 1452 Οὗτοι

82 1481 130 1566 μέν
144 1509 202 1551 νυν
217 1485 395 1571 ταχθέντες
414 1484 467 1551 ἐπὶ
486 1484 533 1574 τῷ
548 1478 685 1574 Ἀσωπῷ
703 1480 1029 1572 ἐστρατοπεδεύοντο.
1176 1499 1179 1504 ’

142 1588 182 1652 Of
196 1584 232 1653 δὲ
248 1579 337 1673 άμφλ
354 1580 553 1671 Μαρδόνιον
570 1581 749 1672 βάρβαροι,
774 1579 818 1665 ὦς
835 1579 1070 1672 ἀπεκήδευσαν
1086 1591 1241 1658 Mart-31

81 1744 144 1795 Nunc
158 1748 272 1813 intelligi
289 1766 340 1815 par
357 1753 400 1799 est
415 1746 501 1814 (quod
516 1749 600 1799 etiam

81 1812 183 1878 alioquin
188 1816 327 1891 eredibile
338 1818 408 1876 erat)
417 1816 556 1866 nonnullis
568 1833 602 1866 ex

79 1896 171 1934 nurnero
182 1883 312 1946 οπλιτάν,
326 1885 360 1934 de
373 1885 472 1950 quibus
482 1884 529 1933 hic
542 1885 601 1949 agi-

80 1952 124 2005 tur,
134 1949 181 2001 duo
193 1958 239 2002 aut
250 1951 345 2017 plures
357 1952 457 2003 leviter
470 1956 600 2013 armatos,

80 2015 132 2066 aliis
146 2033 205 2069 raro
222 2020 328 2069 nnllurn
350 2021 470 2070 fortasse
490 2025 601 2084 praesto

80 2082 175 2137 lunser·
187 2086 480 2153 Sebroeigltaeuaer.
498 2088 540 2136 Ad
551 2103 600 2137 nu·

79 2166 191 2203 merorum
203 2155 318 2218 menda,
337 2171 408 2221 quae
422 2157 449 2204 in
461 2155 505 2204 his
517 2156 602 2205 Hero-

79 2217 124 2267 doti
138 2220 210 2272 libris
228 2224 420 2288 frequentiora
437 2224 546 2273 omuino
560 2238 601 2272 re—

78 2288 205 2347 periantur,
216 2291 275 2340 sive
288 2291 376 2355 ipsius
389 2291 531 2354 scriptoris
543 2291 602 2339 sive

78 2351 228 2407 librariorum
241 2357 326 2423 eulpa
339 2358 387 2421 (cf.
400 2358 423 2417 I,
436 2358 460 2407 7.
471 2358 513 2409 32.
526 2359 562 2417 II,
575 2357 601 2408 9.

81 2417 123 2469 lb.
132 2423 161 2484 V,
170 2424 201 2473 52
213 2424 258 2475 tin.
273 2426 335 2487 Vll,
348 2424 395 2475 187
408 2426 501 2491 ibique
513 2424 601 2488 nott),

77 2486 118 2538 hoe
129 2506 226 2557 quoque
238 2493 357 2543 relatum
366 2493 426 2543 vult
434 2493 600 2543 Dahlmaun.

78 2554 227 2611 inHeroriot
244 2578 271 2626 p.
285 2559 333 2621 99,
352 2561 422 2626 quod
438 2560 484 2610 hic
501 2561 601 2611 volites

77 2626 192 2690 octingenti
202 2627 310 2693 plures,
330 2644 411 2692 quam
424 2630 469 2693 qni
482 2645 516 2678 ex
528 2630 602 2679 iusta

77 2692 190 2753 prodeunt
202 2696 424 2762 computatione,
440 2711 601 2746 enumeran-

78 2762 119 2807 tur.
144 2760 326 2814 Conseruntur
337 2765 448 2813 Mauso:
462 2764 553 2828 Spart.
566 2764 601 2813 ΙΙ.

78 2825 147 2889 pata
158 2835 182 2879 et
196 2831 226 2881 C.
237 2832 272 2882 Ο,
287 2830 405 2880 Mueller
421 2832 449 2880 in
461 2831 600 2896 Aeginett.

77 2894 200 2961 papatu
219 2900 266 2963 qui
283 2898 454 2948 Herodotum
471 2897 542 2948 levis
559 2914 602 2948 ar-

79 2967 181 3014 maturae
191 2981 333 3016 numerum
340 2967 386 3015 vix
397 2966 509 3016 aliunde
520 2982 601 3031 quarn

79 3042 104 3076 ex
123 3028 225 3097 hoplitis
249 3033 410 3084 definivisse
434 3038 510 3083 ratus
531 3033 601 3083 haec

79 3095 184 3149 subiicit:
208 3101 288 3161 „Sed
308 3101 426 3151 sonasse
448 3102 602 3166 octingenti

80 3162 149 3238 ttici,
161 3169 205 3231 qui
217 3169 381 3231 redundant,
397 3172 444 3219 aut
456 3170 601 3233 octingen-

79 3234 105 3277 λιι
122 3233 285 3299 Epidaurus,
311 3242 342 3285 nt
361 3233 528 3297 κονίποδες,
553 3240 602 3286 ant

78 3299 220 3375 octingentis
232 3304 401 3363 Anactoriis,
415 3304 455 3353 ita
468 3309 498 3352 ut
510 3304 601 3368 singu-

78 3361 158 3418 ludus
175 3370 262 3422 additi
281 3372 385 3421 fuerint
399 3371 468 3421 levis
482 3376 601 3421 armatu-

77 3444 121 3494 rae,
133 3437 296 3504 adiungendi
309 3439 418 3489 erunt.“
431 3440 513 3488 Hane
523 3439 600 3487 diffa-

77 3500 172 3553 rentiam
190 3521 363 3557 numerorum
380 3522 452 3556 nune
469 3522 500 3555 ex
521 3506 602 3555 licari

78 3579 119 3617 tou
134 3586 206 3635 posse
223 3575 333 3623 iudicat
349 3573 462 3623 Boeclrh
484 3522 599 3634 (gecon.

77 3632 156 3688 Athen.
170 3641 191 3696 Ι.
208 3658 233 3706 p.
252 3640 305 3690 278
322 3641 380 3691 sive
398 3640 448 3691 362
466 3640 507 3690 οδ.
522 3640 598 3702 sec).

78 3699 117 3750 l'el
137 3707 333 3774 negligentiam
358 3709 494 3773 quandam
514 3708 601 3758 Hero·

78 3766 122 3819 doti
133 3774 256 3840 subesse,
276 3776 323 3842 qui
343 3776 458 3826 forsitan
472 3775 602 3841 neglexe-

78 3837 105 3915 rit
115 3839 228 3893 indicare
238 3860 322 3893 uuam
333 3843 506 3895 eminoribns
516 3843 602 3893 Grae-

79 3918 125 3982 cus
141 3910 312 3974 cibitatibus,
338 3926 409 3976 quac
426 3911 602 3977 octingentos

77 3970 162 4026 urlitcs
172 3980 346 4042 praebuerit,
365 3978 409 4028 vel
427 3980 549 4043 graviter
562 3978 601 4026 in·

77 4040 220 4113 tepentem
238 4062 301 4097 esee
318 4047 390 4096 hunc
407 4051 495 4096 toturn
511 4046 602 4095 locum

78 4104 165 4159 tuiieat
179 4113 209 4161 A.
228 4113 263 4163 do
282 4114 445 4163 Gutscbmid
462 4115 489 4162 in
507 4113 599 4162 Philo·

77 4166 252 4243 l⁰ss.Xp.668.

242 4264 311 4315 Cur.
330 4265 415 4315 XXX.

653 1748 707 1798 vid.
727 1749 784 1798 citt.
805 1748 839 1798 ari
852 1749 930 1809 Vlll,
944 1748 986 1798 82.
1022 1750 1055 1799 Iu
1073 1766 1149 1814 seqq.
1163 1751 1196 1799 tle

656 1816 850 1880 Ibespienaibaa
860 1817 915 1865 vid.
926 1816 1013 1866 allata
1024 1816 1058 1865 ad
1069 1818 1144 1877 VIII,
1154 1817 1196 1866 75.

690 1871 765 1934 ὅπλα
788 1876 819 1934 δὲ
837 1872 904 1934 οόδ’
920 1870 999 1935 οὗτοι
1018 1877 1108 1949 εἶχον]
1134 1886 1153 1937 i.
1172 1901 1196 1934 ο.

652 1943 767 2002 ὁπλῖται
783 1953 852 2002 baud
869 1953 967 2018 quidem
981 1953 1069 2015 fuere,
1093 1955 1143 2003 sed
1163 1954 1199 2002 arf

651 2022 748 2069 vetitam
761 2036 782 2070 s.
795 2017 851 2069 τῶν
863 2017 956 2082 ψιλῶν
973 2035 1097 2070 numeram
1113 2023 1195 2084 perti·

652 2088 759 2150 nebant,
782 2090 808 2137 in
826 2090 874 2138 leci
889 2095 967 2164 crant
980 2095 1124 2149 ονιιιοιανα,
1149 2104 1197 2152 χυ-

653 2154 729 2220 μνοί.
759 2156 829 2205 Nam
841 2171 938 2205 vocem
951 2156 1025 2205 οπλα
1037 2157 1071 2205 <le
1083 2161 1162 2206 aratis
1174 2172 1195 2207 s.

653 2225 742 2288 clipeis
751 2223 922 2288 potissimum
935 2223 1005 2285 diei,
1019 2228 1050 2273 ut
1060 2225 1132 2287 apud
1142 2225 1196 2273 La-

655 2292 726 2341 tinos
750 2308 834 2351 ονοια,
861 2291 955 2341 docuit
972 2292 1137 2356 Wesaelhrg.
1163 2292 1197 2341 ad

652 2359 766 2411 Diodor.
779 2358 865 2408 Sieul.
878 2359 951 2419 XIV,
965 2358 998 2409 23
1012 2364 1040 2408 et
1053 2360 1087 2408 ad
1101 2360 1126 2408 b.
1140 2360 1196 2408 He-

653 2426 743 2475 rodoti
758 2424 861 2487 locum,
880 2426 929 2475 ubi
946 2427 979 2475 de
995 2426 1048 2476 hoc
1060 2442 1111 2476 usu
1124 2428 1196 2475 exci-

652 2498 696 2544 tat
707 2493 848 2543 Heliodor.
862 2493 989 2558 Aethiop.
1003 2495 1051 2543 IX.
1069 2511 1133 2559 pag.
1146 2492 1197 2542 428

654 2558 726 2626 [cap.
743 2558 785 2624 12]
802 2561 921 2610 Pausun.
941 2562 991 2621 IV,
1005 2560 1047 2611 29.
1066 2564 1088 2621 5.
1106 2561 1127 2611 l.
1144 2563 1197 2611 Ρο-

653 2628 707 2692 lyb.
721 2629 748 2691 Ι,
763 2626 805 2678 76.
825 2627 942 2678 Salmas.
962 2630 998 2679 ad
1014 2630 1126 2694 Vopiac.
1144 2630 1197 2678 nu-

652 2695 703 2746 rel.
720 2696 745 2746 7.
776 2696 813 2745 Et
830 2696 903 2746 conf.
924 2697 1012 2761 ipsum
1028 2696 1197 2747 Herodotum

652 2764 692 2823 II,
707 2762 752 2813 141
772 2764 866 2828 ibique
882 2769 952 2814 nott.
965 2764 1086 2829 itemque
1099 2765 1150 2826 IX,
1164 2764 1197 2814 62

654 2830 711 2891 (ubi
723 2821 845 2882 άνοπλοι
856 2831 983 2881 dicuntur
994 2836 1082 2882 Ιενίλτν
1091 2836 1198 2888 armati,-

653 2900 708 2949 vid.
722 2899 762 2949 ibi
780 2899 859 2951 nott.l
877 2904 906 2949 et
922 2900 975 2961 lX,
989 2898 1036 2963 63,
1055 2900 1103 2949 ubi
1117 2891 1196 2949 ὁπλῖ-

652 2982 698 3016 ται
724 2974 752 3016 et
775 2964 915 3032 γυμνῆτες
939 2967 993 3016 sibi
1015 2974 1195 3033 opponantur.

652 3034 741 3100 Atque
757 3034 913 3085 huiusmodi
925 3033 1064 3100 γυμνῆτες
1081 3053 1102 3085 s.
1116 3034 1197 3099 ψιλολ

652 3102 705 3151 boc
719 3116 823 3166 quoque
837 3102 898 3152 loeo
911 3102 1096 3167 Thespienaee
1114 3104 1197 3154 intel·

652 3169 702 3233 ligi
720 3170 787 3219 mibi
798 3170 939 3231 videntur,
958 3185 1047 3234 neque
1061 3171 1142 3220 aliter
1156 3172 1197 3220 in-

653 3236 763 3287 tellexit
779 3236 1026 3302 Schweighaeuser
1051 3239 1079 3286 iu
1100 3239 1196 3287 Lexie.

653 3304 785 3354 Herodot.
802 3305 838 3354 Il.
858 3321 921 3370 pag.
942 3303 997 3353 152.
1028 3302 1196 3354 AtBro'enri·

652 3371 723 3422 steri.
740 3372 762 3421 1.
784 3389 811 3437 ρ.
832 3370 892 3432 164,
918 3376 1067 3437 praeeunte
1085 3371 1196 3420 Bellan-

673 3455 732 3500 ero,
746 3439 932 3504 Thespienses
945 3454 1043 3488 revera
1054 3442 1108 3488 sine
1120 3443 1198 3489 araris

653 3456 820 3556 ¹ijiraecorum
831 3506 966 3556 exercitui
975 3506 1134 3555 interfuisse
1145 3523 1196 3556 nec

652 3576 707 3623 uuir
726 3590 786 3623 curu
800 3574 919 3624 caeteris
932 3589 1070 3638 pugnasse
1084 3580 1194 3623 eonten-

652 3642 706 3701 dit,
721 3642 801 3705 'quod
825 3641 941 3691 militum
965 3643 1145 3706 pugnantium
1169 3644 1196 3691 in

652 3724 792 3759 numerum
804 3709 878 3759 lrautl
891 3710 1046 3759 referantur
1063 3710 1097 3758 ab
1112 3710 1197 3759 liero-

653 3777 730 3837 doto,
750 3793 801 3826 nec
812 3776 926 3842 hoplitis
944 3793 995 3826 nee
1008 3777 1138 3827 velitibus
1152 3777 1197 3826 ad·

653 3844 718 3905 diti,
745 3844 868 3908 quodque
892 3845 920 3893 iu
945 3845 1125 3909 inscriptione
1147 3844 1196 3894 illa

653 3910 817 3976 Olympiaca
827 3911 862 3961 ad
869 3912 916 3971 IX,
924 3911 957 3960 28
966 3917 1119 3962 memorata
1126 3912 1196 3961 The-

652 3980 803 4044 spiensium
815 3978 891 4028 nulla
903 3978 952 4028 fiat
964 3981 1073 4029 mentio.
1098 3981 1196 4044 ltaque

653 4062 701 4123 prp
719 4035 794 4125 aad:
807 4032 884 4097 οὗτοι
898 4046 954 4111 legi
971 4047 1076 4096 mavult
1093 4037 1156 4096 οὐκ
1174 4062 1195 4095 s.

654 4128 743 4163 ουκω
756 4129 844 4164 ουτοι.
875 4115 953 4164 Libri
971 4114 1069 4180 scripti
1082 4130 1135 4163 non
1149 4114 1194 4163 ad·

653 4181 756 4231 dicunt.

833 4265 900 4315 Cnr.
918 4266 1017 4317 XXXI.
1102 4263 1103 4267 ’

103 4345 167 4395 τοῖσι
188 4346 348 4415 μαχίμοισι]
377 4349 421 4400 De
441 4350 471 4400 vi
493 4348 604 4399 articuli
686 4342 724 4409 ὡς
739 4341 953 4416 ἐπετήδευσαν]
977 4351 996 4401 i.
1011 4365 1035 4399 e.
1048 4365 1102 4399 ονικ
1114 4348 1195 4397 Μαιλ-
