2900 5122
215 396 276 459 324
651 386 917 450 HERODOTI

166 576 204 635 71
287 557 479 650 Ἠρίσιευσε
498 562 534 631 dl
553 563 620 629 των
638 556 821 648 βαρβάρων
838 556 932 642 πεζὸς
949 560 1011 647 μὲν
1027 553 1046 628 ὁ
1064 561 1236 648 Περσέων,
1257 564 1362 641 ἵππος

216 664 253 732 δὲ
271 658 291 751 ἡ
309 666 465 751 Σακέων,
484 658 569 750 ἀνὴρ
589 661 625 730 dl
644 663 773 748 λέγεται
792 659 994 749 Μαρδόνιος.
1018 655 1185 749 Ἑλλήνων
1203 661 1258 749 dl,
1277 657 1361 749 ἄγα-

214 769 289 835 θων
312 768 501 853 γενομένων
524 765 579 832 καὶ
603 765 790 850 Τεγεητέων
808 763 862 831 καὶ
878 757 1085 849 Ἀθηναίων,
1109 756 1363 849 ὑπερεβάλοντο

215 862 317 956 ἀρετῇ
340 863 610 954 Λακαδαιμόνιοι.
653 860 742 956 ἄλλῳ
765 863 827 952 μὲν
849 858 965 933 οὐδενί
990 871 1053 952 ἔχω
1076 858 1362 952 ἀποσημήνασθαι

216 964 374 1057 (ἅπαντες
392 963 455 1058 γὰρ
473 955 564 1037 οὗτοι
582 961 659 1045 τούς
677 959 751 1033 κατ’
767 962 911 1044 ἑωυτούς
931 964 1079 1052 ἐνίκων),
1096 961 1147 1033 ὅτι
1166 965 1203 1034 dl
1221 962 1307 1034 κατὰ
1325 964 1363 1036 td

216 1067 429 1159 ἰσχυρότερον
446 1075 735 1159 προσενείηθησαυ
751 1068 806 1135 καὶ
829 1063 957 1135 τούτων
981 1064 1173 1157 ἐκράτησαν.
1207 1069 1263 1136 καὶ
1289 1064 1363 1156 ἄρι-

215 1193 290 1251 στος
309 1172 439 1258 ἐγένετο
462 1172 579 1262 μακρῷ
599 1165 830 1258 Ἀριστόδημος
853 1163 936 1237 κατὰ
953 1164 1087 1256 γνώμας
1110 1165 1168 1248 τὰς
1186 1163 1362 1259 ἡμετέρας,

214 1267 250 1351 ὃς
270 1274 306 1340 ἐκ
324 1274 569 1361 Θερμοπυλέων
586 1273 709 1359 μοῦνος
730 1273 800 1338 των
816 1277 1014 1360 τριηκοσίων
1037 1271 1162 1349 σωθεὶς
1185 1269 1254 1358 εἶχε
1271 1267 1364 1341 ὄνει-

124 1374 127 1379 ’
217 1379 274 1453 dog
297 1374 352 1442 καὶ
375 1369 518 1462 ἀτιμίην.
554 1369 635 1462 μετα
659 1372 696 1441 δὲ
714 1374 833 1441 τουτον
856 1366 1055 1460 ἠρίστευσαν
1073 1369 1304 1453 Ποσειδώνιός
1328 1399 1365 1441 τε

216 1476 272 1544 καὶ
292 1472 469 1545 Φιλοκύων
487 1476 542 1544 καί
558 1470 800 1564 Ἀμομφάρετος
817 1467 836 1541 ὁ
854 1469 1075 1563 Σπαρτιήτης.
1112 1480 1171 1541 καί
1190 1500 1241 1542 τοι
1265 1501 1364 1561 reve

217 1639 290 1688 haec
311 1643 436 1688 tractans
457 1639 486 1687 in
508 1637 603 1687 libello
624 1637 658 1687 de
680 1638 762 1686 rebus
846 1623 923 1700 ἄλλῳ
938 1628 992 1700 μὲν
1013 1624 1113 1686 οὐδενὶ
1138 1629 1193 1701 ἔχοι
1212 1625 1365 1705 α’ποτημή·

217 1707 425 1757 Plataeenaium
442 1721 506 1772 pag.
519 1704 581 1769 dl),
606 1706 655 1754 sed
673 1706 762 1754 minue
814 1702 933 1767 νασθαι]
951 1703 970 1753 i.
984 1719 1008 1752 e.
1026 1708 1093 1754 ιυιίίο
1105 1706 1155 1755 utic
1168 1706 1264 1755 indicio
1286 1722 1309 1756 s.
1323 1724 1365 1756 οι-

219 1780 348 1824 aceurate
362 1773 488 1824 cdoetum
501 1774 534 1824 de
547 1774 597 1835 iis,
616 1789 687 1838 quae
700 1771 762 1822 reli·
811 1778 927 1836 μαυιειαο
958 1773 1133 1822 descensum
1156 1788 1275 1836 possum,
1310 1775 1364 1824 nisi

219 1858 289 1907 quae
303 1841 471 1892 Graecorum
488 1846 586 1906 gentes
603 1842 632 1890 iu
648 1839 701 1890 lrac
714 1855 762 1905 pu·
815 1855 861 1902 oo,
884 1838 954 1903 quod
971 1855 1005 1889 ea
1021 1843 1100 1905 parte
1119 1855 1181 1889 oum
1197 1840 1281 1891 hoste
1300 1857 1366 1891 eon·

218 1925 273 1977 gna
286 1910 489 1975 praestiterint,
515 1908 765 1974 eaipsaomittere
814 1908 916 1971 gressi,
947 1922 1002 1970 qua
1024 1905 1190 1957 validissimi
1213 1913 1364 1971 steterant,

220 1977 350 2027 maluisse
368 1977 411 2027 vel
429 1976 601 2041 neglexisre;
619 1975 689 2040 quod
707 1991 762 2024 me·
816 1989 863 2024 eos
876 1976 1012 2025 vicerant.
1037 1974 1168 2024 Adusum
1181 1975 1259 2026 verbi
1276 1991 1364 2041 προσ-

220 2050 328 2094 moratu
344 2045 390 2094 vix
403 2045 488 2108 digua
505 2043 556 2093 illa
574 2044 678 2092 fuerint
691 2044 760 2092 visa.
815 2036 959 2106 φέρεσθαι
972 2042 1107 2107 (cosmedi
1117 2059 1170 2093 cum
1182 2044 1267 2105 hoste)
1290 2046 1363 2094 conl.

219 2113 260 2162 Ad
278 2105 309 2160 οί
324 2103 430 2168 πάντες
452 2110 525 2173 (noaz
544 2113 570 2160 iu
589 2112 684 2173 Αίίιιιι,
707 2113 762 2159 ‚lile
815 2110 862 2170 lll,
882 2107 923 2159 lli.
943 2109 974 2169 V,
991 2110 1032 2160 34.
1054 2108 1182 2161 ttulit.
1209 2105 1282 2169 τοὺς
1299 2102 1364 2162 κατ’

219 2180 368 2233 zusammeul
387 2179 458 2227 conf.
473 2193 544 2242 qnae
562 2178 595 2227 de
609 2177 722 2227 articuli
734 2178 763 2229 vi
793 2230 797 2235 ,
815 2167 939 2234 ἑωυτοὺς
956 2177 1025 2226 dicit
1035 2178 1135 2228 Noster
1147 2194 1207 2237 eos,
1227 2180 1278 2243 qui
1297 2180 1365 2246 ipsis

221 2248 249 2296 in
267 2245 369 2296 talibus
393 2248 497 2295 monuit
513 2246 545 2295 G.
564 2247 714 2294 Hermann.
735 2245 764 2294 in
814 2246 945 2308 τιτηίοιιε
957 2247 1071 2309 oppositi
1089 2246 1116 2295 in
1134 2247 1196 2296 acic
1209 2252 1364 2308 steteraut3

221 2316 363 2364 Annotatt.
377 2314 411 2363 ad
424 2314 517 2379 Vigor.
531 2329 594 2379 pag.
606 2313 654 2362 727
669 2319 696 2362 et
708 2312 763 2363 vid.
816 2317 846 2361 tu
857 2311 913 2362 vid.
932 2313 965 2361 de
981 2313 1185 2377 praepositione
1202 2310 1282 2364 κατὰ
1296 2321 1364 2365 nott

222 2381 390 2432 Herodotum
419 2381 507 2446 ipsum
536 2382 588 2431 tali
622 2381 700 2430 modo
729 2373 764 2430 τοὶ
817 2379 852 2429 ad
865 2380 938 2443 VIII,
952 2378 994 2428 85.
1012 2407 1041 2415 ·-
1062 2381 1103 2429 De
1116 2381 1301 2443 Aristodemo,
1320 2383 1366 2447 qui

221 2443 316 2500 πάντα
328 2450 494 2500 scribentem
507 2450 529 2510 1,
538 2448 598 2498 214.
608 2449 668 2510 Vll,
680 2450 704 2509 t,
718 2448 765 2498 ubi
815 2446 909 2497 sulvus
922 2462 937 2496 e
950 2448 1084 2498 trecentis
1097 2448 1162 2510 illie,
1177 2450 1222 2513 qui
1235 2449 1275 2499 ad
1281 2450 1367 2500 Ther·

223 2518 340 2568 einolt.
365 2516 763 2582 uecordquoquesupralll,
816 2514 939 2579 mopylae
968 2515 1038 2567 duee
1066 2516 1191 2566 Leonida
1219 2532 1367 2583 pugnare-

221 2583 255 2635 58
266 2579 301 2635 οί
313 2579 426 2643 πάντες.
448 2585 724 2649 Schweighaeuserue
738 2584 766 2633 in
815 2589 891 2645 rant,
916 2583 1063 2647 Spartanis
1080 2585 1184 2644 erasit,
1207 2584 1264 2634 vid.
1282 2601 1366 2651 supra

222 2654 317 2704 Lexio.
331 2652 460 2703 Herodot
473 2653 508 2701 ll.
525 2668 590 2718 pag.
606 2652 666 2702 188:
691 2688 707 2713 ‚,
717 2653 764 2701 ad·
816 2650 876 2711 Vll,
890 2650 940 2700 229
952 2666 1028 2726 seqq3

221 2722 299 2771 ieeta
311 2713 438 2771 verbani
449 2712 562 2780 πάντες,
577 2721 630 2782 ait,
644 2720 765 2769 relerun·
850 2711 1043 2776 Ποσειδώνιος
1051 2732 1081 2768 τε
1093 2714 1143 2768 καί
1150 2712 1306 2770 Φιλοκύων
1317 2716 1366 2771 aul

222 2793 267 2838 tur
278 2789 313 2838 ad
323 2789 450 2852 exiguum
461 2801 601 2837 numerum
614 2802 765 2849 caesorum,
814 2776 1022 2851 Ἀμομφάρετος
1045 2780 1062 2837 ὁ
1082 2779 1282 2853 Σπαρτιήτης]
1310 2788 1367 2839 Ηοι
1438 2820 1439 2841 ;

223 2857 301 2919 quasi
315 2855 430 2905 dixisset
442 2857 542 2904 nonnisi
555 2855 630 2917 XCI,
649 2871 698 2904 ιιοιι
710 2859 765 2918 plu·
817 2858 872 2902 tres
889 2854 964 2904 siros
981 2854 1066 2904 duces
1078 2854 1366 2907 Lacedaemoniorum

222 2939 266 2972 res
282 2939 355 2988 quum
374 2922 438 2972 XCI
453 2924 613 2983 ceciderunt,
636 2922 706 2986 qnod
725 2922 765 2972 le·
817 2922 912 2984 fuisse,
927 2920 1071 2986 colligitur
1082 2936 1116 2972 ex
1129 2937 1172 2983 co,
1184 2921 1258 2987 qnod
1273 2924 1324 2983 Ili,
1334 2922 1367 2972 85

223 2991 281 3039 tine
298 2991 383 3039 ctiam
396 2996 472 3039 reete
485 2990 592 3039 dieetur
608 2992 707 3040 omnino
720 2989 765 3038 vel
817 2989 890 3038 inter
913 2982 1011 3052 ίρίνας
1034 2990 1093 3039 sive
1114 2992 1193 3040 duces
1215 2990 1366 3042 habentur.

222 3062 248 3106 ln
264 3059 404 3107 ιιιιίυινιαιιι
423 3057 516 3106 XCI.“
544 3056 612 3106 Mihi
631 3055 765 3107 articulus
817 3058 885 3105 Cum
906 3056 1134 3122 Amomphsretus
1156 3057 1233 3108 solus
1255 3059 1367 3110 dicatur

223 3140 284 3174 eum
296 3125 325 3174 vi
338 3124 455 3189 quadarn
473 3124 513 3173 ita
531 3124 641 3173 additus
657 3123 766 3173 videtur
816 3124 975 3189 Scortumn,
1009 3129 1226 3175 cousentaneum
1256 3127 1367 3176 videtur
1437 3122 1438 3147 l

222 3193 285 3243 roci
297 3185 412 3255 πάντες,
424 3196 454 3241 ul
466 3192 526 3242 eius
535 3192 766 3257 significationem
816 3192 993 3242 Posidonium
1014 3196 1042 3241 et
1061 3192 1262 3256 Philocyonem
1283 3210 1299 3245 e
1319 3209 1365 3259 pe·

224 3265 327 3327 augeat
343 3276 395 3310 uec
409 3265 464 3309 tarn
476 3260 645 3325 perreitatem
664 3260 705 3322 (ut
717 3276 765 3325 pu·
816 3267 957 3310 rloecorum
970 3275 1081 3309 numero
1094 3260 1189 3322 luisse,
1204 3276 1268 3313 cum
1282 3265 1313 3312 in
1325 3268 1367 3311 tc·

223 3333 265 3378 tut
277 3329 531 3394 Schweighaeuser.
551 3326 570 3377 l.
584 3327 613 3391 l.)
630 3328 764 3391 declaret,
817 3327 889 3377 libus
906 3328 1034 3377 Nostrum
1056 3327 1138 3378 valde
1161 3336 1299 3380 accurate
1328 3330 1366 3379 lo·

223 3412 303 3461 quarn
321 3398 410 3463 ipsam
427 3411 559 3447 summam
574 3411 689 3461 eamque
708 3411 766 3446 cer·
818 3396 864 3461 qui
886 3395 1010 3445 indicent
1030 3410 1077 3457 ea,
1102 3411 1173 3460 quae
1190 3396 1278 3461 paulo
1301 3403 1365 3446 ante

223 3470 288 3514 tarn.
319 3491 352 3499 -
380 3465 443 3515 Mox
472 3480 487 3515 e
516 3464 676 3514 Florentino
706 3480 767 3513 eum
818 3479 880 3527 cap.
901 3463 935 3511 70
955 3463 1096 3528 leguntur:
1123 3461 1367 3530 Λακεδαιμονίω

222 3532 352 3582 Belrlrero
362 3540 390 3581 et
400 3538 515 3582 receuti.
530 3532 590 3581 edd.
601 3532 695 3597 recepi
708 3523 766 3582 ἔνι·
818 3528 883 3580 τῶν
901 3521 937 3580 ἐκ
955 3526 1136 3610 Σπάρτης,
1154 3531 1203 3581 ubi
1220 3531 1278 3582 vid.
1297 3537 1365 3583 nott

223 3592 362 3664 τήκοντα,
380 3601 517 3664 quodiam
530 3599 767 3666 Stcgerusvolue·
817 3598 923 3648 Nomen
944 3597 1104 3659 Φιλοκυωυ,
1131 3600 1148 3651 i.
1171 3614 1195 3648 e.
1220 3602 1266 3665 qai
1288 3615 1367 3650 τωιττ

224 3674 280 3727 rat,
301 3667 349 3717 sed
363 3669 535 3733 improbante
549 3668 689 3732 Lipsiensi
702 3683 766 3718 eeu·
818 3666 1051 3727 umot,haudscio
1068 3666 1214 3716 aurelerri
1227 3667 1366 3733 possitad
1435 3664 1436 3689 ¹

223 3749 285 3811 sore
301 3733 373 3785 1833.
385 3750 449 3800 pag.
461 3734 508 3797 48,
526 3751 574 3800 pro
587 3736 660 3801 vulg.
679 3726 767 3786 ἒννε-
818 3748 1024 3796 cummendare,
1044 3733 1139 3799 quales
1156 3734 1285 3799 insignes
1301 3734 1366 3786 tulit

223 3815 358 3867 νηκοττα.
816 3803 958 3852 Laeonum
976 3807 1063 3864 terra,
1086 3801 1229 3852 admodum
1244 3803 1322 3854 leros
1337 3810 1366 3853 ct

819 3870 853 3920 ad
877 3870 1030 3920 venandum
1056 3885 1143 3934 aeque
1168 3875 1252 3934 atque
1273 3876 1365 3921 custo

404 3971 424 4022 c
488 3973 578 4023 LXXI
817 3937 1080 4000 diendumidoneos‚
1094 3937 1214 4001 veloces,
1229 3939 1365 4004 quosVsr-

427 3988 469 4022 η
581 4010 588 4024 ·
817 4005 901 4069 gilius
918 4005 987 4056 dicit
1003 4005 1103 4071 Georg.
1122 4004 1236 4069 llI,40{>
1254 4014 1283 4056 et
1302 4021 1363 4057 cuns

223 4063 764 4209 ctttttlllttt‘l'l·turgidi
815 4072 1131 4205 dltltttltlll
1153 4088 1364 4208 “tillut

223 4224 313 4272 seusu,
327 4214 358 4259 ut
371 4210 420 4268 llI,
436 4210 492 4260 120.
509 4209 564 4261 1:34.
578 4211 704 4272 VlI,·2l0.
723 4212 765 4261 Ad
816 4208 900 4270 VI,5.
925 4209 966 4259 'l'u
979 4209 1026 4261 vid
1038 4208 1208 4274 potissimum
1220 4207 1365 4260 Aristotel.

223 4279 336 4329 verbnm
353 4267 585 4345 ὑπερβάλλεσθαι
603 4280 677 4330 roni.
695 4285 763 4329 nott.
817 4276 889 4326 Hist.
902 4276 952 4327 An.
966 4276 1081 4339 Vlll,·28
1094 4276 1217 4343 aliosque
1231 4276 1311 4327 locos
1323 4275 1363 4326 sl-

224 4347 260 4399 ad
272 4346 348 4409 Vlll,
364 4344 419 4399 123.
818 4343 888 4394 lutus
909 4360 926 4394 u
945 4344 975 4395 C.
992 4345 1152 4397 Hermanno
1173 4344 1285 4396 Griecls.
1302 4344 1363 4394 Pri-
