2932 5124
386 375 649 437 CALLIOPE.
675 378 733 437 IX.
758 388 886 441 13ἡ15.

1146 382 1208 444 239

92 544 227 637 στρατιὴν
244 536 302 635 ἦγε
320 548 374 617 ἐπὶ
392 544 432 616 τοὶ
449 551 603 637 Μέγαρα,
621 543 642 636 ἡ
662 548 699 618 dl
710 554 809 629 ἵππος
822 552 1034 637 προελθοῦσα
1046 549 1207 619 κατεπαύ-

92 668 156 717 σατο
170 646 276 737 χύρηυ
293 646 354 736 τὴν
371 655 559 740 Μεγαρίδα,
597 652 630 731 ἐς
652 647 778 738 ταύτην
802 648 844 737 δὴ
868 648 1035 721 ἑκαστάτω
1058 655 1117 740 τῆς
1140 648 1207 721 Eri-

92 748 186 837 ρύτης
201 746 236 819 ai
253 747 334 839 πρὸς
351 745 449 837 ἡλίου
469 748 628 832 δύνοντος
647 746 669 840 ἡ
694 748 843 840 Περσικὴ
866 749 950 840 αὕτη
975 750 1110 841 στρατιὴ
1133 748 1207 822 οἷαί-

92 877 158 920 τετο.
187 848 279 921 Merui
298 852 455 921 δὲταῦτα
472 858 659 946 Μαρδονίῳ
676 841 762 940 ἦλθε
779 849 933 942 ἀγγελίη,
957 848 1001 933 ὡς
1024 849 1116 934 ἁλέες
1140 865 1253 943 εἴη-15

92 972 142 1022 aaa
152 949 340 1041 οἱἙλληυες
353 956 389 1023 ἐν
400 957 448 1047 τῷ
461 949 596 1047 Ἰσθμῷ·
615 950 703 1024 οὕτω
716 952 756 1042 δὴ
766 950 872 1024 ὀπίσω
886 953 1060 1045 ἐπορεύετο
1075 951 1130 1024 διὰ
1142 968 1206 1025 Λε-

91 1149 268 1201 incontinenti.
283 1152 318 1201 ad
331 1151 447 1201 eandem
456 1151 611 1217 Epistulam

91 1232 110 1279 p.
123 1217 165 1266 aa
180 1224 206 1267 ct
221 1220 262 1268 lle
279 1220 373 1269 Wette
391 1220 432 1268 in:
454 1219 610 1269 Handbueh
661 1237 678 1285 p

91 1285 173 1334 stoli.
190 1303 214 1352 p.
226 1287 269 1336 41.
305 1286 360 1336 Sed
377 1286 456 1337 verbi
473 1280 568 1337 θέλων
581 1289 609 1335 iu

91 1352 127 1400 illo
142 1353 234 1404 Sacrae
256 1354 416 1420 Scripturas
439 1353 501 1404 loco
526 1354 610 1404 aliam

90 1434 178 1482 prorsas
190 1436 247 1471 esse
257 1423 398 1471 nationem
407 1421 611 1484 (scihdelectari

89 1488 158 1552 adque
170 1504 208 1551 re,
227 1490 279 1538 sihi
292 1492 319 1538 ia
336 1491 468 1555 aliquare
483 1490 608 1554 placere),

91 1554 179 1604 edocuit
190 1557 274 1608 irater
282 1572 369 1619 meus,
384 1557 499 1607 Carolus
509 1557 609 1620 Baehr,

91 1621 269 1674 ncommentr.
290 1625 327 1675 ad
342 1624 419 1674 illum
437 1624 526 1675 locum
544 1640 608 1690 pag.

89 1686 128 1737 291
146 1691 256 1756 itemque
281 1691 458 1743 Ohlsbausen
481 1694 511 1742 in
532 1693 611 1743 Com-

89 1763 165 1808 neutt.
183 1759 210 1808 in
225 1760 258 1809 N.
275 1760 309 1809 T.
328 1760 375 1809 IV.
393 1777 418 1824 p.
436 1758 500 1821 aem
522 1761 609 1810 Here-

89 1822 195 1889 doteique
216 1826 271 1877 loci
295 1843 407 1878 sensum
432 1829 486 1877 iam
511 1828 608 1877 dudum

87 1895 610 2028 99911951191191111113

88 2027 216 2093 areliquis
235 2030 330 2081 verbis
352 2032 512 2095 seiungens3
539 2030 610 2095 quod

88 2093 145 2145 idem
163 2103 254 2161 postea
273 2098 382 2163 placuit
397 2098 609 2164 Schweighaeu-

88 2176 135 2212 rero
145 2164 187 2225 (cf.
200 2167 295 2216 Lexic.
310 2166 413 2217 Herod.
427 2166 449 2216 1.
463 2182 527 2231 pag.
539 2164 608 2229 182),

89 2228 142 2279 bene
167 2235 283 2283 manenti
312 2234 490 2298 participium
514 2228 609 2283 θέλων

88 2298 177 2349 minine
208 2302 285 2367 iungi
320 2316 401 2366 posse
435 2316 495 2350 cam
524 2301 608 2351 verbo

89 2355 229 2426 ἐβουλεύετο
253 2369 328 2418 idem
349 2384 383 2418 ue
406 2368 501 2418 valere
526 2384 560 2418 ac
584 2369 608 2418 si

87 2431 167 2483 hosta
177 2435 289 2486 dixisset
298 2385 395 2487 &lqiav
404 2429 522 2494 τούτους
534 2435 608 2500 τρῶ-

87 2514 126 2549 τοτ
139 2494 217 2561 ἕλείτ,
241 2495 410 2570 ἐβουλεύετο
429 2501 461 2554 εί
473 2520 529 2562 κως
544 2509 608 2564 etc,

87 2571 169 2631 εερίετε
183 2572 226 2620 doe
239 2575 350 2636 primeca
371 2589 466 2637 capere
483 2572 608 2622 delibera·

87 2640 123 2697 tlt,
133 2654 174 2702 qao
183 2647 258 2703 pacto
270 2642 300 2690 id
311 2642 436 2705 efficeret.
455 2640 480 2689 N
482 2655 514 2689 cc
528 2639 609 2689 aliter

88 2702 132 2752 lere
142 2705 286 2756 histth.Gr.
298 2707 346 2757 Gr.
359 2710 383 2769 θ.
394 2706 452 2758 eti.
465 2712 521 2757 not.
535 2708 551 2755 2
564 2723 610 2757 ex·

87 2768 155 2847 pheat
173 2768 265 2850 ξέλεον
289 2769 408 2833 τούτους
430 2765 506 2825 ἑλεῖν
528 2765 607 2839 ilion·

86 2836 326 2901 λευετοοετοςὲλοι.
362 2843 441 2904 Quod
453 2857 514 2892 cum
527 2858 609 2891 unum

86 2920 160 2957 aaran
170 2909 297 2969 habeam,
309 2914 411 2960 retinui
421 2926 482 2961 cunr
492 2915 608 2960 recenti.

87 2972 133 3026 eid
142 2978 313 3054 participium
332 2972 440 3040 θέλωνς
460 2978 610 3029 sonaliter

86 3036 228 3107 λουλομενοι
236 3046 360 3112 positam
370 3046 486 3096 vidimus
494 3047 540 3107 V1,
551 3044 606 3107 139,

87 3108 122 3185 qbi
135 3112 167 3165 ci.
182 3119 248 3164 nott.
293 3114 335 3163 Ad
351 3114 437 3164 verbe
459 3111 490 3163 εί
503 3129 558 3171 κως
575 3140 606 3148 -

88 3174 132 3225 eia
141 3182 207 3229 ceni.
220 3197 307 3247 supra
319 3182 370 3243 VI,
383 3181 417 3231 52
434 3182 526 3246 ibique
539 3186 607 3231 nott.

88 3245 191 3306 -Quod
208 3252 314 3299 attinet
335 3249 369 3298 ad
391 3248 444 3298 loci
464 3264 609 3313 argumen-

86 3314 139 3373 tum,
154 3315 331 3381 Megarenses
347 3316 442 3381 procul
461 3318 543 3366 dubio
555 3318 609 3382 pri·

87 3392 130 3429 aas
140 3381 180 3432 illc
193 3400 252 3433 eam
266 3384 303 3435 ob
317 3400 429 3434 causam
442 3389 549 3435 tentare
562 3400 608 3435 vo-

87 3443 135 3507 luit,
147 3453 210 3514 quod
223 3468 277 3504 non
292 3454 387 3517 magni
401 3453 474 3503 iuter
486 3452 608 3502 Graecos

87 3517 202 3568 aestimati
218 3521 296 3571 nullo
314 3521 374 3570 iere
392 3519 452 3571 loco
465 3520 607 3570 habeban-

86 3583 129 3630 tur:
144 3584 173 3635 dc
190 3603 242 3653 que
254 3588 313 3639 vid.
327 3587 439 3637 Suidam
452 3603 474 3637 s.
487 3603 513 3637 v.
526 3577 609 3651 ύμείς

86 3646 109 3696 Τ.
120 3651 161 3701 Ill.
177 3671 203 3719 p.
214 3654 276 3705 529.
297 3654 389 3705 Schol.
404 3655 522 3705 Theocr.
535 3656 606 3718 XIV,

86 3714 118 3763 ⁶¹8·
127 3718 209 3770 Treta.
222 3722 296 3772 Chil.
311 3723 358 3784 IX,
372 3721 420 3773 291
434 3738 474 3773 vs.
486 3722 537 3773 890
549 3740 607 3788 seq.

86 3780 225 3839 Callimach.
240 3790 340 3856 Epigr.
356 3790 402 3855 ab,
421 3790 446 3840 5.
464 3789 489 3840 6.
530 3791 609 3852 Quies

87 3853 162 3903 auulit
172 3858 337 3908 Larcherus.

88 3984 92 3993 .
114 3917 309 3992 walesdunas]
329 3926 608 3991 Schweighaeuserus

87 3990 274 4055 iuterpretatur:
290 3997 471 4059 perequitarm
488 4000 559 4060 cquis
570 3997 609 4043 ia-

86 4068 171 4134 emere
181 4064 316 4125 repioacm.
352 4061 423 4111 Mihi
439 4063 609 4127 praepositio

85 4134 143 4172 τοτα
154 4126 179 4175 ia
190 4128 240 4178 bac
253 4129 339 4179 verbo
349 4144 411 4178 eam
421 4130 481 4178 fere
492 4131 546 4181 vim
559 4130 607 4179 ha·

86 4185 137 4240 berc
154 4195 273 4257 uidetur,
298 4212 379 4262 quam
399 4197 428 4246 in
452 4196 514 4247 aliis
536 4198 608 4246 eius-

85 4259 142 4307 modi
165 4266 333 4329 compositis,
365 4270 397 4313 ut
421 4259 608 4316 καταστασια-

85 4319 139 4389 lm,
150 4332 365 4398 κατατολεμείυ,
378 4334 473 4384 notavi
486 4333 522 4383 ad
533 4333 607 4384 Plut.

662 1152 758 1216 Pyrrh.
784 1168 843 1218 cap.
866 1152 904 1203 13.
927 1169 992 1218 pag.
1015 1152 1057 1204 50.
1081 1170 1141 1218 cap.
1167 1155 1205 1204 14.

681 1236 697 1269 a
720 1220 786 1269 .5'2.

696 1235 726 1345 ie
741 1282 850 1353 ταύτην
872 1281 909 1354 δὴ
930 1277 1073 1339 isuardum
1090 1316 1121 1325 —
1139 1283 1207 1339 α’ττί·

661 1359 736 1415 τίετο]
756 1357 774 1404 i.
788 1372 812 1405 e.
826 1358 852 1404 ia
868 1357 934 1406 hauc
949 1364 1132 1419 cunctamina,
1151 1357 1204 1406 Ea·

661 1439 742 1487 ropac
764 1425 952 1474 remotissimam
973 1440 1087 1475 occuram
1108 1441 1204 1487 υτνεαε,

660 1494 726 1541 venit
738 1492 778 1541 liic
790 1492 928 1541 Persarum
939 1496 1083 1548 eserniam
1102 1508 1155 1542 non
1167 1493 1206 1542 ul·

661 1562 705 1607 tra
722 1559 893 1624 Megaricam
915 1560 1087 1609 occidentem
1110 1575 1206 1610 vereris

661 1627 690 1674 in
702 1627 840 1691 Europam
854 1642 1013 1692 progresses
1031 1642 1092 1678 esse
1105 1628 1206 1677 Persas

662 1695 801 1743 sententIa
819 1701 861 1743 est
877 1694 1021 1743 Herodoti.
1061 1696 1103 1743 Ad
1120 1695 1206 1745 verba

662 1752 807 1811 ἕκαοτύτω
823 1759 874 1827 τῆς
891 1753 1031 1827 Εὐρύτης
1052 1762 1088 1811 cs.
1106 1762 1205 1812 Matth.

663 1828 709 1878 Gr.
724 1829 770 1878 Gr.
783 1830 807 1889 §-
820 1827 879 1879 340.

863 1997 930 2049 Cur.
949 1999 1007 2049 XV.

694 2084 769 2164 ἦλθε
786 2088 917 2166 οἷγγελίη]
941 2086 1016 2166 ἦλθε
1033 2117 1127 2151 omues
1145 2101 1205 2151 fere

662 2168 737 2216 codd.
752 2172 794 2229 (ut
805 2167 852 2225 lx,
868 2169 898 2217 lt
911 2174 940 2217 et
951 2169 973 2230 1,
986 2168 1045 2231 83).
1064 2184 1131 2235 quos
1144 2186 1205 2219 cum

660 2240 776 2284 receuti.
796 2235 856 2284 edd.
876 2241 987 2286 secatus
1003 2252 1073 2285 sum.
1102 2239 1143 2286 Er
1159 2236 1203 2286 Al-

660 2303 726 2351 dina
739 2302 914 2365 Schaeieras,
928 2303 1026 2353 Matth.
1041 2309 1069 2353 et
1080 2305 1204 2355 Dictsch.

659 2372 831 2420 retinuerunt
853 2358 919 2436 ἧκε,
943 2376 974 2419 ut
995 2371 1075 2433 VIII,
1098 2371 1154 2421 140.
1173 2400 1205 2408 —

659 2437 701 2486 Ad
717 2452 812 2487 vocem
830 2430 912 2495 ἆλέες
933 2439 968 2487 ci.
986 2438 1066 2499 VIII,
1084 2438 1118 2488 ⁴23
1136 2444 1164 2488 et
1183 2441 1203 2500 1,

662 2503 709 2553 133
722 2504 814 2569 ibique
827 2509 895 2554 nom.

699 2564 748 2621 διὰ
766 2569 930 2638 Δεκελείης]
954 2572 1086 2622 Nimirum
1108 2589 1141 2622 ex
1157 2573 1205 2622 At·

659 2640 718 2689 tica
730 2640 759 2688 in
771 2639 916 2690 Boeotiam
934 2640 1142 2705 proficiscentes
1156 2654 1207 2705 per

660 2706 774 2758 Oeno'en
804 2712 831 2757 ct
858 2707 1026 2758 Eleutherna
1054 2708 1206 2759 tendebant

660 2775 807 2836 Plataeas,
837 2776 884 2826 via
905 2777 993 2825 miuus
1018 2777 1113 2840 utique
1140 2778 1206 2841 apta

661 2843 798 2906 equitibus
810 2859 981 2909 magnaeque
998 2844 1136 2894 hominum
1149 2849 1205 2893 tar·

660 2911 726 2973 hac,
742 2925 802 2960 cum
815 2911 913 2961 fauces
925 2913 1110 2975 montiumque
1123 2927 1204 2962 cacu-

659 2978 734 3027 mina
747 2984 840 3029 essent
852 2980 1030 3045 pcrmeanda‚
1044 2981 1085 3029 ita
1096 2983 1127 3028 ut
1138 2981 1205 3029 Per-

658 3060 705 3095 sae
718 3045 861 3097 alteravit
871 3062 1012 3113 regressos
1025 3063 1086 3098 esse
1099 3049 1135 3097 sit
1144 3064 1204 3113 pro-

659 3113 762 3175 babile,
777 3129 847 3179 quae
858 3115 919 3165 scil.
931 3115 966 3165 ab
975 3115 1112 3167 Acharnis
1122 3115 1204 3165 deice·

660 3181 709 3231 bat
721 3197 770 3246 per
780 3183 931 3232 Deceleam
944 3187 1025 3247 atque
1038 3183 1204 3233 Parnethem

662 3249 696 3299 ad
708 3249 865 3315 Tanagram
882 3250 1001 3315 indeque
1014 3251 1049 3300 ad
1062 3251 1203 3300 Boeotiam

659 3317 793 3378 vicinam
813 3332 938 3382 quaeque
951 3318 1039 3367 minus
1051 3318 1156 3382 negotii
1171 3333 1204 3366 ac

659 3384 804 3435 molestiae
821 3385 980 3434 exhibebat.
1016 3386 1029 3433 Ι
1049 3400 1081 3434 sa
1094 3387 1205 3433 Dereion

659 3457 769 3502 centum
786 3452 887 3518 viginti
904 3452 963 3501 fere
981 3401 1072 3501 striis
1089 3451 1204 3502 Athenis

659 3524 765 3569 remota
788 3520 875 3569 inisse
900 3524 1040 3581 narratur,
1065 3520 1120 3569 sita
1144 3519 1204 3569 loce

660 3602 791 3653 perquam
814 3593 966 3652 opportuno
984 3588 1084 3637 montis
1100 3590 1203 3638 Parac-

659 3655 730 3715 this,
748 3657 794 3720 qui
806 3657 876 3705 satis
889 3656 978 3705 editus
995 3653 1106 3719 longum
1119 3656 1204 3705 dabat

659 3728 846 3788 prospectum
870 3723 918 3771 ubi
936 3739 996 3771 cum
1015 3723 1206 3773 consedissent

659 3792 786 3840 Lacones
797 3791 870 3841 bello
879 3791 1125 3856 Peloponnesiaco,
1137 3792 1204 3840 mirl—

659 3862 715 3907 tum
728 3858 792 3909 iude
805 3859 931 3908 damnum
944 3859 1159 3909 Atheniensibus
1172 3859 1204 3908 il·

660 3925 745 3977 latam
759 3925 845 3977 fuisse
859 3932 980 3987 constat,
998 3927 1045 3975 vid
1057 3925 1204 3992 praeclusi

660 3995 787 4057 omnique
797 4000 950 4045 commeatu
959 3995 1122 4059 intercepto.
1141 3995 1202 4044 Vid.

659 4061 739 4111 modo
749 4062 841 4112 Schol.
853 4063 888 4112 ad
897 4062 1035 4128 Aristopb.
1047 4062 1116 4111 Rau.
1129 4060 1202 4111 1469.

661 4128 771 4179 Coraci.
793 4131 864 4195 Nep.
885 4129 1021 4179 Alcibiad.
1044 4129 1060 4178 4
1082 4129 1142 4190 lin,
1168 4128 1203 4177 ud

660 4212 739 4262 quem
755 4197 844 4247 locum
861 4197 968 4261 reliqua
984 4201 1106 4247 veterum
1125 4197 1202 4245 testi·

660 4267 752 4314 monia
761 4265 938 4331 suppeditant
948 4267 1121 4328 interpretes.
1134 4258 1202 4315 hid.

658 4332 805 4397 h‘orbiger:
819 4333 928 4383 Handh.
942 4332 968 4382 d.
982 4332 1032 4382 alt.
1046 4330 1202 4396 Geograplr.
